%YAML 1.1
%TAG !u! tag:unity3d.com,2011:
--- !u!1 &100000
GameObject:
  m_ObjectHideFlags: 1
  m_PrefabParentObject: {fileID: 0}
  m_PrefabInternal: {fileID: 100100000}
  serializedVersion: 4
  m_Component:
  - 4: {fileID: 400176}
  m_Layer: 0
  m_Name: Wuqi_bone
  m_TagString: Untagged
  m_Icon: {fileID: 0}
  m_NavMeshLayer: 0
  m_StaticEditorFlags: 0
  m_IsActive: 1
--- !u!1 &100002
GameObject:
  m_ObjectHideFlags: 1
  m_PrefabParentObject: {fileID: 0}
  m_PrefabInternal: {fileID: 100100000}
  serializedVersion: 4
  m_Component:
  - 4: {fileID: 400000}
  m_Layer: 0
  m_Name: Bone037(mirrored)
  m_TagString: Untagged
  m_Icon: {fileID: 0}
  m_NavMeshLayer: 0
  m_StaticEditorFlags: 0
  m_IsActive: 1
--- !u!1 &100004
GameObject:
  m_ObjectHideFlags: 1
  m_PrefabParentObject: {fileID: 0}
  m_PrefabInternal: {fileID: 100100000}
  serializedVersion: 4
  m_Component:
  - 4: {fileID: 400002}
  m_Layer: 0
  m_Name: Bone036(mirrored)
  m_TagString: Untagged
  m_Icon: {fileID: 0}
  m_NavMeshLayer: 0
  m_StaticEditorFlags: 0
  m_IsActive: 1
--- !u!1 &100006
GameObject:
  m_ObjectHideFlags: 1
  m_PrefabParentObject: {fileID: 0}
  m_PrefabInternal: {fileID: 100100000}
  serializedVersion: 4
  m_Component:
  - 4: {fileID: 400004}
  m_Layer: 0
  m_Name: Bone035(mirrored)
  m_TagString: Untagged
  m_Icon: {fileID: 0}
  m_NavMeshLayer: 0
  m_StaticEditorFlags: 0
  m_IsActive: 1
--- !u!1 &100008
GameObject:
  m_ObjectHideFlags: 1
  m_PrefabParentObject: {fileID: 0}
  m_PrefabInternal: {fileID: 100100000}
  serializedVersion: 4
  m_Component:
  - 4: {fileID: 400006}
  m_Layer: 0
  m_Name: Bone034(mirrored)
  m_TagString: Untagged
  m_Icon: {fileID: 0}
  m_NavMeshLayer: 0
  m_StaticEditorFlags: 0
  m_IsActive: 1
--- !u!1 &100010
GameObject:
  m_ObjectHideFlags: 1
  m_PrefabParentObject: {fileID: 0}
  m_PrefabInternal: {fileID: 100100000}
  serializedVersion: 4
  m_Component:
  - 4: {fileID: 400154}
  m_Layer: 0
  m_Name: Bone033(mirrored)
  m_TagString: Untagged
  m_Icon: {fileID: 0}
  m_NavMeshLayer: 0
  m_StaticEditorFlags: 0
  m_IsActive: 1
--- !u!1 &100012
GameObject:
  m_ObjectHideFlags: 1
  m_PrefabParentObject: {fileID: 0}
  m_PrefabInternal: {fileID: 100100000}
  serializedVersion: 4
  m_Component:
  - 4: {fileID: 400008}
  m_Layer: 0
  m_Name: Bone037
  m_TagString: Untagged
  m_Icon: {fileID: 0}
  m_NavMeshLayer: 0
  m_StaticEditorFlags: 0
  m_IsActive: 1
--- !u!1 &100014
GameObject:
  m_ObjectHideFlags: 1
  m_PrefabParentObject: {fileID: 0}
  m_PrefabInternal: {fileID: 100100000}
  serializedVersion: 4
  m_Component:
  - 4: {fileID: 400010}
  m_Layer: 0
  m_Name: Bone036
  m_TagString: Untagged
  m_Icon: {fileID: 0}
  m_NavMeshLayer: 0
  m_StaticEditorFlags: 0
  m_IsActive: 1
--- !u!1 &100016
GameObject:
  m_ObjectHideFlags: 1
  m_PrefabParentObject: {fileID: 0}
  m_PrefabInternal: {fileID: 100100000}
  serializedVersion: 4
  m_Component:
  - 4: {fileID: 400012}
  m_Layer: 0
  m_Name: Bone035
  m_TagString: Untagged
  m_Icon: {fileID: 0}
  m_NavMeshLayer: 0
  m_StaticEditorFlags: 0
  m_IsActive: 1
--- !u!1 &100018
GameObject:
  m_ObjectHideFlags: 1
  m_PrefabParentObject: {fileID: 0}
  m_PrefabInternal: {fileID: 100100000}
  serializedVersion: 4
  m_Component:
  - 4: {fileID: 400014}
  m_Layer: 0
  m_Name: Bone034
  m_TagString: Untagged
  m_Icon: {fileID: 0}
  m_NavMeshLayer: 0
  m_StaticEditorFlags: 0
  m_IsActive: 1
--- !u!1 &100020
GameObject:
  m_ObjectHideFlags: 1
  m_PrefabParentObject: {fileID: 0}
  m_PrefabInternal: {fileID: 100100000}
  serializedVersion: 4
  m_Component:
  - 4: {fileID: 400156}
  m_Layer: 0
  m_Name: Bone033
  m_TagString: Untagged
  m_Icon: {fileID: 0}
  m_NavMeshLayer: 0
  m_StaticEditorFlags: 0
  m_IsActive: 1
--- !u!1 &100022
GameObject:
  m_ObjectHideFlags: 1
  m_PrefabParentObject: {fileID: 0}
  m_PrefabInternal: {fileID: 100100000}
  serializedVersion: 4
  m_Component:
  - 4: {fileID: 400016}
  m_Layer: 0
  m_Name: Bone032
  m_TagString: Untagged
  m_Icon: {fileID: 0}
  m_NavMeshLayer: 0
  m_StaticEditorFlags: 0
  m_IsActive: 1
--- !u!1 &100024
GameObject:
  m_ObjectHideFlags: 1
  m_PrefabParentObject: {fileID: 0}
  m_PrefabInternal: {fileID: 100100000}
  serializedVersion: 4
  m_Component:
  - 4: {fileID: 400018}
  m_Layer: 0
  m_Name: Bone031
  m_TagString: Untagged
  m_Icon: {fileID: 0}
  m_NavMeshLayer: 0
  m_StaticEditorFlags: 0
  m_IsActive: 1
--- !u!1 &100026
GameObject:
  m_ObjectHideFlags: 1
  m_PrefabParentObject: {fileID: 0}
  m_PrefabInternal: {fileID: 100100000}
  serializedVersion: 4
  m_Component:
  - 4: {fileID: 400020}
  m_Layer: 0
  m_Name: Bone030
  m_TagString: Untagged
  m_Icon: {fileID: 0}
  m_NavMeshLayer: 0
  m_StaticEditorFlags: 0
  m_IsActive: 1
--- !u!1 &100028
GameObject:
  m_ObjectHideFlags: 1
  m_PrefabParentObject: {fileID: 0}
  m_PrefabInternal: {fileID: 100100000}
  serializedVersion: 4
  m_Component:
  - 4: {fileID: 400022}
  m_Layer: 0
  m_Name: Bone029
  m_TagString: Untagged
  m_Icon: {fileID: 0}
  m_NavMeshLayer: 0
  m_StaticEditorFlags: 0
  m_IsActive: 1
--- !u!1 &100030
GameObject:
  m_ObjectHideFlags: 1
  m_PrefabParentObject: {fileID: 0}
  m_PrefabInternal: {fileID: 100100000}
  serializedVersion: 4
  m_Component:
  - 4: {fileID: 400158}
  m_Layer: 0
  m_Name: Bone028
  m_TagString: Untagged
  m_Icon: {fileID: 0}
  m_NavMeshLayer: 0
  m_StaticEditorFlags: 0
  m_IsActive: 1
--- !u!1 &100032
GameObject:
  m_ObjectHideFlags: 1
  m_PrefabParentObject: {fileID: 0}
  m_PrefabInternal: {fileID: 100100000}
  serializedVersion: 4
  m_Component:
  - 4: {fileID: 400024}
  m_Layer: 0
  m_Name: Bone025(mirrored)
  m_TagString: Untagged
  m_Icon: {fileID: 0}
  m_NavMeshLayer: 0
  m_StaticEditorFlags: 0
  m_IsActive: 1
--- !u!1 &100034
GameObject:
  m_ObjectHideFlags: 1
  m_PrefabParentObject: {fileID: 0}
  m_PrefabInternal: {fileID: 100100000}
  serializedVersion: 4
  m_Component:
  - 4: {fileID: 400026}
  m_Layer: 0
  m_Name: Bone024(mirrored)
  m_TagString: Untagged
  m_Icon: {fileID: 0}
  m_NavMeshLayer: 0
  m_StaticEditorFlags: 0
  m_IsActive: 1
--- !u!1 &100036
GameObject:
  m_ObjectHideFlags: 1
  m_PrefabParentObject: {fileID: 0}
  m_PrefabInternal: {fileID: 100100000}
  serializedVersion: 4
  m_Component:
  - 4: {fileID: 400028}
  m_Layer: 0
  m_Name: Bone023(mirrored)
  m_TagString: Untagged
  m_Icon: {fileID: 0}
  m_NavMeshLayer: 0
  m_StaticEditorFlags: 0
  m_IsActive: 1
--- !u!1 &100038
GameObject:
  m_ObjectHideFlags: 1
  m_PrefabParentObject: {fileID: 0}
  m_PrefabInternal: {fileID: 100100000}
  serializedVersion: 4
  m_Component:
  - 4: {fileID: 400030}
  m_Layer: 0
  m_Name: Bone022(mirrored)
  m_TagString: Untagged
  m_Icon: {fileID: 0}
  m_NavMeshLayer: 0
  m_StaticEditorFlags: 0
  m_IsActive: 1
--- !u!1 &100040
GameObject:
  m_ObjectHideFlags: 1
  m_PrefabParentObject: {fileID: 0}
  m_PrefabInternal: {fileID: 100100000}
  serializedVersion: 4
  m_Component:
  - 4: {fileID: 400160}
  m_Layer: 0
  m_Name: Bone021(mirrored)
  m_TagString: Untagged
  m_Icon: {fileID: 0}
  m_NavMeshLayer: 0
  m_StaticEditorFlags: 0
  m_IsActive: 1
--- !u!1 &100042
GameObject:
  m_ObjectHideFlags: 1
  m_PrefabParentObject: {fileID: 0}
  m_PrefabInternal: {fileID: 100100000}
  serializedVersion: 4
  m_Component:
  - 4: {fileID: 400032}
  m_Layer: 0
  m_Name: Bone025
  m_TagString: Untagged
  m_Icon: {fileID: 0}
  m_NavMeshLayer: 0
  m_StaticEditorFlags: 0
  m_IsActive: 1
--- !u!1 &100044
GameObject:
  m_ObjectHideFlags: 1
  m_PrefabParentObject: {fileID: 0}
  m_PrefabInternal: {fileID: 100100000}
  serializedVersion: 4
  m_Component:
  - 4: {fileID: 400034}
  m_Layer: 0
  m_Name: Bone024
  m_TagString: Untagged
  m_Icon: {fileID: 0}
  m_NavMeshLayer: 0
  m_StaticEditorFlags: 0
  m_IsActive: 1
--- !u!1 &100046
GameObject:
  m_ObjectHideFlags: 1
  m_PrefabParentObject: {fileID: 0}
  m_PrefabInternal: {fileID: 100100000}
  serializedVersion: 4
  m_Component:
  - 4: {fileID: 400036}
  m_Layer: 0
  m_Name: Bone023
  m_TagString: Untagged
  m_Icon: {fileID: 0}
  m_NavMeshLayer: 0
  m_StaticEditorFlags: 0
  m_IsActive: 1
--- !u!1 &100048
GameObject:
  m_ObjectHideFlags: 1
  m_PrefabParentObject: {fileID: 0}
  m_PrefabInternal: {fileID: 100100000}
  serializedVersion: 4
  m_Component:
  - 4: {fileID: 400038}
  m_Layer: 0
  m_Name: Bone022
  m_TagString: Untagged
  m_Icon: {fileID: 0}
  m_NavMeshLayer: 0
  m_StaticEditorFlags: 0
  m_IsActive: 1
--- !u!1 &100050
GameObject:
  m_ObjectHideFlags: 1
  m_PrefabParentObject: {fileID: 0}
  m_PrefabInternal: {fileID: 100100000}
  serializedVersion: 4
  m_Component:
  - 4: {fileID: 400162}
  m_Layer: 0
  m_Name: Bone021
  m_TagString: Untagged
  m_Icon: {fileID: 0}
  m_NavMeshLayer: 0
  m_StaticEditorFlags: 0
  m_IsActive: 1
--- !u!1 &100052
GameObject:
  m_ObjectHideFlags: 1
  m_PrefabParentObject: {fileID: 0}
  m_PrefabInternal: {fileID: 100100000}
  serializedVersion: 4
  m_Component:
  - 4: {fileID: 400040}
  m_Layer: 0
  m_Name: Bone020
  m_TagString: Untagged
  m_Icon: {fileID: 0}
  m_NavMeshLayer: 0
  m_StaticEditorFlags: 0
  m_IsActive: 1
--- !u!1 &100054
GameObject:
  m_ObjectHideFlags: 1
  m_PrefabParentObject: {fileID: 0}
  m_PrefabInternal: {fileID: 100100000}
  serializedVersion: 4
  m_Component:
  - 4: {fileID: 400042}
  m_Layer: 0
  m_Name: Bone019
  m_TagString: Untagged
  m_Icon: {fileID: 0}
  m_NavMeshLayer: 0
  m_StaticEditorFlags: 0
  m_IsActive: 1
--- !u!1 &100056
GameObject:
  m_ObjectHideFlags: 1
  m_PrefabParentObject: {fileID: 0}
  m_PrefabInternal: {fileID: 100100000}
  serializedVersion: 4
  m_Component:
  - 4: {fileID: 400044}
  m_Layer: 0
  m_Name: Bone018
  m_TagString: Untagged
  m_Icon: {fileID: 0}
  m_NavMeshLayer: 0
  m_StaticEditorFlags: 0
  m_IsActive: 1
--- !u!1 &100058
GameObject:
  m_ObjectHideFlags: 1
  m_PrefabParentObject: {fileID: 0}
  m_PrefabInternal: {fileID: 100100000}
  serializedVersion: 4
  m_Component:
  - 4: {fileID: 400046}
  m_Layer: 0
  m_Name: Bone017
  m_TagString: Untagged
  m_Icon: {fileID: 0}
  m_NavMeshLayer: 0
  m_StaticEditorFlags: 0
  m_IsActive: 1
--- !u!1 &100060
GameObject:
  m_ObjectHideFlags: 1
  m_PrefabParentObject: {fileID: 0}
  m_PrefabInternal: {fileID: 100100000}
  serializedVersion: 4
  m_Component:
  - 4: {fileID: 400164}
  m_Layer: 0
  m_Name: Bone016
  m_TagString: Untagged
  m_Icon: {fileID: 0}
  m_NavMeshLayer: 0
  m_StaticEditorFlags: 0
  m_IsActive: 1
--- !u!1 &100062
GameObject:
  m_ObjectHideFlags: 1
  m_PrefabParentObject: {fileID: 0}
  m_PrefabInternal: {fileID: 100100000}
  serializedVersion: 4
  m_Component:
  - 4: {fileID: 400048}
  m_Layer: 0
  m_Name: Bone015(mirrored)
  m_TagString: Untagged
  m_Icon: {fileID: 0}
  m_NavMeshLayer: 0
  m_StaticEditorFlags: 0
  m_IsActive: 1
--- !u!1 &100064
GameObject:
  m_ObjectHideFlags: 1
  m_PrefabParentObject: {fileID: 0}
  m_PrefabInternal: {fileID: 100100000}
  serializedVersion: 4
  m_Component:
  - 4: {fileID: 400050}
  m_Layer: 0
  m_Name: Bone014(mirrored)
  m_TagString: Untagged
  m_Icon: {fileID: 0}
  m_NavMeshLayer: 0
  m_StaticEditorFlags: 0
  m_IsActive: 1
--- !u!1 &100066
GameObject:
  m_ObjectHideFlags: 1
  m_PrefabParentObject: {fileID: 0}
  m_PrefabInternal: {fileID: 100100000}
  serializedVersion: 4
  m_Component:
  - 4: {fileID: 400052}
  m_Layer: 0
  m_Name: Bone013(mirrored)
  m_TagString: Untagged
  m_Icon: {fileID: 0}
  m_NavMeshLayer: 0
  m_StaticEditorFlags: 0
  m_IsActive: 1
--- !u!1 &100068
GameObject:
  m_ObjectHideFlags: 1
  m_PrefabParentObject: {fileID: 0}
  m_PrefabInternal: {fileID: 100100000}
  serializedVersion: 4
  m_Component:
  - 4: {fileID: 400054}
  m_Layer: 0
  m_Name: Bone012(mirrored)
  m_TagString: Untagged
  m_Icon: {fileID: 0}
  m_NavMeshLayer: 0
  m_StaticEditorFlags: 0
  m_IsActive: 1
--- !u!1 &100070
GameObject:
  m_ObjectHideFlags: 1
  m_PrefabParentObject: {fileID: 0}
  m_PrefabInternal: {fileID: 100100000}
  serializedVersion: 4
  m_Component:
  - 4: {fileID: 400166}
  m_Layer: 0
  m_Name: Bone011(mirrored)
  m_TagString: Untagged
  m_Icon: {fileID: 0}
  m_NavMeshLayer: 0
  m_StaticEditorFlags: 0
  m_IsActive: 1
--- !u!1 &100072
GameObject:
  m_ObjectHideFlags: 1
  m_PrefabParentObject: {fileID: 0}
  m_PrefabInternal: {fileID: 100100000}
  serializedVersion: 4
  m_Component:
  - 4: {fileID: 400056}
  m_Layer: 0
  m_Name: Bone015
  m_TagString: Untagged
  m_Icon: {fileID: 0}
  m_NavMeshLayer: 0
  m_StaticEditorFlags: 0
  m_IsActive: 1
--- !u!1 &100074
GameObject:
  m_ObjectHideFlags: 1
  m_PrefabParentObject: {fileID: 0}
  m_PrefabInternal: {fileID: 100100000}
  serializedVersion: 4
  m_Component:
  - 4: {fileID: 400058}
  m_Layer: 0
  m_Name: Bone014
  m_TagString: Untagged
  m_Icon: {fileID: 0}
  m_NavMeshLayer: 0
  m_StaticEditorFlags: 0
  m_IsActive: 1
--- !u!1 &100076
GameObject:
  m_ObjectHideFlags: 1
  m_PrefabParentObject: {fileID: 0}
  m_PrefabInternal: {fileID: 100100000}
  serializedVersion: 4
  m_Component:
  - 4: {fileID: 400060}
  m_Layer: 0
  m_Name: Bone013
  m_TagString: Untagged
  m_Icon: {fileID: 0}
  m_NavMeshLayer: 0
  m_StaticEditorFlags: 0
  m_IsActive: 1
--- !u!1 &100078
GameObject:
  m_ObjectHideFlags: 1
  m_PrefabParentObject: {fileID: 0}
  m_PrefabInternal: {fileID: 100100000}
  serializedVersion: 4
  m_Component:
  - 4: {fileID: 400062}
  m_Layer: 0
  m_Name: Bone012
  m_TagString: Untagged
  m_Icon: {fileID: 0}
  m_NavMeshLayer: 0
  m_StaticEditorFlags: 0
  m_IsActive: 1
--- !u!1 &100080
GameObject:
  m_ObjectHideFlags: 1
  m_PrefabParentObject: {fileID: 0}
  m_PrefabInternal: {fileID: 100100000}
  serializedVersion: 4
  m_Component:
  - 4: {fileID: 400168}
  m_Layer: 0
  m_Name: Bone011
  m_TagString: Untagged
  m_Icon: {fileID: 0}
  m_NavMeshLayer: 0
  m_StaticEditorFlags: 0
  m_IsActive: 1
--- !u!1 &100082
GameObject:
  m_ObjectHideFlags: 1
  m_PrefabParentObject: {fileID: 0}
  m_PrefabInternal: {fileID: 100100000}
  serializedVersion: 4
  m_Component:
  - 4: {fileID: 400064}
  m_Layer: 0
  m_Name: Bone039
  m_TagString: Untagged
  m_Icon: {fileID: 0}
  m_NavMeshLayer: 0
  m_StaticEditorFlags: 0
  m_IsActive: 1
--- !u!1 &100084
GameObject:
  m_ObjectHideFlags: 1
  m_PrefabParentObject: {fileID: 0}
  m_PrefabInternal: {fileID: 100100000}
  serializedVersion: 4
  m_Component:
  - 4: {fileID: 400132}
  m_Layer: 0
  m_Name: Bone_chibang
  m_TagString: Untagged
  m_Icon: {fileID: 0}
  m_NavMeshLayer: 0
  m_StaticEditorFlags: 0
  m_IsActive: 1
--- !u!1 &100086
GameObject:
  m_ObjectHideFlags: 1
  m_PrefabParentObject: {fileID: 0}
  m_PrefabInternal: {fileID: 100100000}
  serializedVersion: 4
  m_Component:
  - 4: {fileID: 400066}
  m_Layer: 0
  m_Name: Bone010(mirrored)
  m_TagString: Untagged
  m_Icon: {fileID: 0}
  m_NavMeshLayer: 0
  m_StaticEditorFlags: 0
  m_IsActive: 1
--- !u!1 &100088
GameObject:
  m_ObjectHideFlags: 1
  m_PrefabParentObject: {fileID: 0}
  m_PrefabInternal: {fileID: 100100000}
  serializedVersion: 4
  m_Component:
  - 4: {fileID: 400084}
  m_Layer: 0
  m_Name: Bone009(mirrored)
  m_TagString: Untagged
  m_Icon: {fileID: 0}
  m_NavMeshLayer: 0
  m_StaticEditorFlags: 0
  m_IsActive: 1
--- !u!1 &100090
GameObject:
  m_ObjectHideFlags: 1
  m_PrefabParentObject: {fileID: 0}
  m_PrefabInternal: {fileID: 100100000}
  serializedVersion: 4
  m_Component:
  - 4: {fileID: 400068}
  m_Layer: 0
  m_Name: Bip001 R Finger1Nub
  m_TagString: Untagged
  m_Icon: {fileID: 0}
  m_NavMeshLayer: 0
  m_StaticEditorFlags: 0
  m_IsActive: 1
--- !u!1 &100092
GameObject:
  m_ObjectHideFlags: 1
  m_PrefabParentObject: {fileID: 0}
  m_PrefabInternal: {fileID: 100100000}
  serializedVersion: 4
  m_Component:
  - 4: {fileID: 400070}
  m_Layer: 0
  m_Name: Bip001 R Finger11
  m_TagString: Untagged
  m_Icon: {fileID: 0}
  m_NavMeshLayer: 0
  m_StaticEditorFlags: 0
  m_IsActive: 1
--- !u!1 &100094
GameObject:
  m_ObjectHideFlags: 1
  m_PrefabParentObject: {fileID: 0}
  m_PrefabInternal: {fileID: 100100000}
  serializedVersion: 4
  m_Component:
  - 4: {fileID: 400076}
  m_Layer: 0
  m_Name: Bip001 R Finger1
  m_TagString: Untagged
  m_Icon: {fileID: 0}
  m_NavMeshLayer: 0
  m_StaticEditorFlags: 0
  m_IsActive: 1
--- !u!1 &100096
GameObject:
  m_ObjectHideFlags: 1
  m_PrefabParentObject: {fileID: 0}
  m_PrefabInternal: {fileID: 100100000}
  serializedVersion: 4
  m_Component:
  - 4: {fileID: 400072}
  m_Layer: 0
  m_Name: Bip001 R Finger0Nub
  m_TagString: Untagged
  m_Icon: {fileID: 0}
  m_NavMeshLayer: 0
  m_StaticEditorFlags: 0
  m_IsActive: 1
--- !u!1 &100098
GameObject:
  m_ObjectHideFlags: 1
  m_PrefabParentObject: {fileID: 0}
  m_PrefabInternal: {fileID: 100100000}
  serializedVersion: 4
  m_Component:
  - 4: {fileID: 400074}
  m_Layer: 0
  m_Name: Bip001 R Finger01
  m_TagString: Untagged
  m_Icon: {fileID: 0}
  m_NavMeshLayer: 0
  m_StaticEditorFlags: 0
  m_IsActive: 1
--- !u!1 &100100
GameObject:
  m_ObjectHideFlags: 1
  m_PrefabParentObject: {fileID: 0}
  m_PrefabInternal: {fileID: 100100000}
  serializedVersion: 4
  m_Component:
  - 4: {fileID: 400078}
  m_Layer: 0
  m_Name: Bip001 R Finger0
  m_TagString: Untagged
  m_Icon: {fileID: 0}
  m_NavMeshLayer: 0
  m_StaticEditorFlags: 0
  m_IsActive: 1
--- !u!1 &100102
GameObject:
  m_ObjectHideFlags: 1
  m_PrefabParentObject: {fileID: 0}
  m_PrefabInternal: {fileID: 100100000}
  serializedVersion: 4
  m_Component:
  - 4: {fileID: 400080}
  m_Layer: 0
  m_Name: Bip001 R Hand
  m_TagString: Untagged
  m_Icon: {fileID: 0}
  m_NavMeshLayer: 0
  m_StaticEditorFlags: 0
  m_IsActive: 1
--- !u!1 &100104
GameObject:
  m_ObjectHideFlags: 1
  m_PrefabParentObject: {fileID: 0}
  m_PrefabInternal: {fileID: 100100000}
  serializedVersion: 4
  m_Component:
  - 4: {fileID: 400082}
  m_Layer: 0
  m_Name: Bip001 R Forearm
  m_TagString: Untagged
  m_Icon: {fileID: 0}
  m_NavMeshLayer: 0
  m_StaticEditorFlags: 0
  m_IsActive: 1
--- !u!1 &100106
GameObject:
  m_ObjectHideFlags: 1
  m_PrefabParentObject: {fileID: 0}
  m_PrefabInternal: {fileID: 100100000}
  serializedVersion: 4
  m_Component:
  - 4: {fileID: 400086}
  m_Layer: 0
  m_Name: Bip001 R UpperArm
  m_TagString: Untagged
  m_Icon: {fileID: 0}
  m_NavMeshLayer: 0
  m_StaticEditorFlags: 0
  m_IsActive: 1
--- !u!1 &100108
GameObject:
  m_ObjectHideFlags: 1
  m_PrefabParentObject: {fileID: 0}
  m_PrefabInternal: {fileID: 100100000}
  serializedVersion: 4
  m_Component:
  - 4: {fileID: 400126}
  m_Layer: 0
  m_Name: Bip001 R Clavicle
  m_TagString: Untagged
  m_Icon: {fileID: 0}
  m_NavMeshLayer: 0
  m_StaticEditorFlags: 0
  m_IsActive: 1
--- !u!1 &100110
GameObject:
  m_ObjectHideFlags: 1
  m_PrefabParentObject: {fileID: 0}
  m_PrefabInternal: {fileID: 100100000}
  serializedVersion: 4
  m_Component:
  - 4: {fileID: 400088}
  m_Layer: 0
  m_Name: Bone010
  m_TagString: Untagged
  m_Icon: {fileID: 0}
  m_NavMeshLayer: 0
  m_StaticEditorFlags: 0
  m_IsActive: 1
--- !u!1 &100112
GameObject:
  m_ObjectHideFlags: 1
  m_PrefabParentObject: {fileID: 0}
  m_PrefabInternal: {fileID: 100100000}
  serializedVersion: 4
  m_Component:
  - 4: {fileID: 400106}
  m_Layer: 0
  m_Name: Bone009
  m_TagString: Untagged
  m_Icon: {fileID: 0}
  m_NavMeshLayer: 0
  m_StaticEditorFlags: 0
  m_IsActive: 1
--- !u!1 &100114
GameObject:
  m_ObjectHideFlags: 1
  m_PrefabParentObject: {fileID: 0}
  m_PrefabInternal: {fileID: 100100000}
  serializedVersion: 4
  m_Component:
  - 4: {fileID: 400090}
  m_Layer: 0
  m_Name: Bip001 L Finger1Nub
  m_TagString: Untagged
  m_Icon: {fileID: 0}
  m_NavMeshLayer: 0
  m_StaticEditorFlags: 0
  m_IsActive: 1
--- !u!1 &100116
GameObject:
  m_ObjectHideFlags: 1
  m_PrefabParentObject: {fileID: 0}
  m_PrefabInternal: {fileID: 100100000}
  serializedVersion: 4
  m_Component:
  - 4: {fileID: 400092}
  m_Layer: 0
  m_Name: Bip001 L Finger11
  m_TagString: Untagged
  m_Icon: {fileID: 0}
  m_NavMeshLayer: 0
  m_StaticEditorFlags: 0
  m_IsActive: 1
--- !u!1 &100118
GameObject:
  m_ObjectHideFlags: 1
  m_PrefabParentObject: {fileID: 0}
  m_PrefabInternal: {fileID: 100100000}
  serializedVersion: 4
  m_Component:
  - 4: {fileID: 400098}
  m_Layer: 0
  m_Name: Bip001 L Finger1
  m_TagString: Untagged
  m_Icon: {fileID: 0}
  m_NavMeshLayer: 0
  m_StaticEditorFlags: 0
  m_IsActive: 1
--- !u!1 &100120
GameObject:
  m_ObjectHideFlags: 1
  m_PrefabParentObject: {fileID: 0}
  m_PrefabInternal: {fileID: 100100000}
  serializedVersion: 4
  m_Component:
  - 4: {fileID: 400094}
  m_Layer: 0
  m_Name: Bip001 L Finger0Nub
  m_TagString: Untagged
  m_Icon: {fileID: 0}
  m_NavMeshLayer: 0
  m_StaticEditorFlags: 0
  m_IsActive: 1
--- !u!1 &100122
GameObject:
  m_ObjectHideFlags: 1
  m_PrefabParentObject: {fileID: 0}
  m_PrefabInternal: {fileID: 100100000}
  serializedVersion: 4
  m_Component:
  - 4: {fileID: 400096}
  m_Layer: 0
  m_Name: Bip001 L Finger01
  m_TagString: Untagged
  m_Icon: {fileID: 0}
  m_NavMeshLayer: 0
  m_StaticEditorFlags: 0
  m_IsActive: 1
--- !u!1 &100124
GameObject:
  m_ObjectHideFlags: 1
  m_PrefabParentObject: {fileID: 0}
  m_PrefabInternal: {fileID: 100100000}
  serializedVersion: 4
  m_Component:
  - 4: {fileID: 400100}
  m_Layer: 0
  m_Name: Bip001 L Finger0
  m_TagString: Untagged
  m_Icon: {fileID: 0}
  m_NavMeshLayer: 0
  m_StaticEditorFlags: 0
  m_IsActive: 1
--- !u!1 &100126
GameObject:
  m_ObjectHideFlags: 1
  m_PrefabParentObject: {fileID: 0}
  m_PrefabInternal: {fileID: 100100000}
  serializedVersion: 4
  m_Component:
  - 4: {fileID: 400102}
  m_Layer: 0
  m_Name: Bip001 L Hand
  m_TagString: Untagged
  m_Icon: {fileID: 0}
  m_NavMeshLayer: 0
  m_StaticEditorFlags: 0
  m_IsActive: 1
--- !u!1 &100128
GameObject:
  m_ObjectHideFlags: 1
  m_PrefabParentObject: {fileID: 0}
  m_PrefabInternal: {fileID: 100100000}
  serializedVersion: 4
  m_Component:
  - 4: {fileID: 400104}
  m_Layer: 0
  m_Name: Bip001 L Forearm
  m_TagString: Untagged
  m_Icon: {fileID: 0}
  m_NavMeshLayer: 0
  m_StaticEditorFlags: 0
  m_IsActive: 1
--- !u!1 &100130
GameObject:
  m_ObjectHideFlags: 1
  m_PrefabParentObject: {fileID: 0}
  m_PrefabInternal: {fileID: 100100000}
  serializedVersion: 4
  m_Component:
  - 4: {fileID: 400108}
  m_Layer: 0
  m_Name: Bip001 L UpperArm
  m_TagString: Untagged
  m_Icon: {fileID: 0}
  m_NavMeshLayer: 0
  m_StaticEditorFlags: 0
  m_IsActive: 1
--- !u!1 &100132
GameObject:
  m_ObjectHideFlags: 1
  m_PrefabParentObject: {fileID: 0}
  m_PrefabInternal: {fileID: 100100000}
  serializedVersion: 4
  m_Component:
  - 4: {fileID: 400128}
  m_Layer: 0
  m_Name: Bip001 L Clavicle
  m_TagString: Untagged
  m_Icon: {fileID: 0}
  m_NavMeshLayer: 0
  m_StaticEditorFlags: 0
  m_IsActive: 1
--- !u!1 &100134
GameObject:
  m_ObjectHideFlags: 1
  m_PrefabParentObject: {fileID: 0}
  m_PrefabInternal: {fileID: 100100000}
  serializedVersion: 4
  m_Component:
  - 4: {fileID: 400110}
  m_Layer: 0
  m_Name: Bone007
  m_TagString: Untagged
  m_Icon: {fileID: 0}
  m_NavMeshLayer: 0
  m_StaticEditorFlags: 0
  m_IsActive: 1
--- !u!1 &100136
GameObject:
  m_ObjectHideFlags: 1
  m_PrefabParentObject: {fileID: 0}
  m_PrefabInternal: {fileID: 100100000}
  serializedVersion: 4
  m_Component:
  - 4: {fileID: 400112}
  m_Layer: 0
  m_Name: Bone006
  m_TagString: Untagged
  m_Icon: {fileID: 0}
  m_NavMeshLayer: 0
  m_StaticEditorFlags: 0
  m_IsActive: 1
--- !u!1 &100138
GameObject:
  m_ObjectHideFlags: 1
  m_PrefabParentObject: {fileID: 0}
  m_PrefabInternal: {fileID: 100100000}
  serializedVersion: 4
  m_Component:
  - 4: {fileID: 400120}
  m_Layer: 0
  m_Name: Bone005
  m_TagString: Untagged
  m_Icon: {fileID: 0}
  m_NavMeshLayer: 0
  m_StaticEditorFlags: 0
  m_IsActive: 1
--- !u!1 &100140
GameObject:
  m_ObjectHideFlags: 1
  m_PrefabParentObject: {fileID: 0}
  m_PrefabInternal: {fileID: 100100000}
  serializedVersion: 4
  m_Component:
  - 4: {fileID: 400114}
  m_Layer: 0
  m_Name: Bone004
  m_TagString: Untagged
  m_Icon: {fileID: 0}
  m_NavMeshLayer: 0
  m_StaticEditorFlags: 0
  m_IsActive: 1
--- !u!1 &100142
GameObject:
  m_ObjectHideFlags: 1
  m_PrefabParentObject: {fileID: 0}
  m_PrefabInternal: {fileID: 100100000}
  serializedVersion: 4
  m_Component:
  - 4: {fileID: 400116}
  m_Layer: 0
  m_Name: Bone003
  m_TagString: Untagged
  m_Icon: {fileID: 0}
  m_NavMeshLayer: 0
  m_StaticEditorFlags: 0
  m_IsActive: 1
--- !u!1 &100144
GameObject:
  m_ObjectHideFlags: 1
  m_PrefabParentObject: {fileID: 0}
  m_PrefabInternal: {fileID: 100100000}
  serializedVersion: 4
  m_Component:
  - 4: {fileID: 400118}
  m_Layer: 0
  m_Name: Bone002
  m_TagString: Untagged
  m_Icon: {fileID: 0}
  m_NavMeshLayer: 0
  m_StaticEditorFlags: 0
  m_IsActive: 1
--- !u!1 &100146
GameObject:
  m_ObjectHideFlags: 1
  m_PrefabParentObject: {fileID: 0}
  m_PrefabInternal: {fileID: 100100000}
  serializedVersion: 4
  m_Component:
  - 4: {fileID: 400122}
  m_Layer: 0
  m_Name: Bone001
  m_TagString: Untagged
  m_Icon: {fileID: 0}
  m_NavMeshLayer: 0
  m_StaticEditorFlags: 0
  m_IsActive: 1
--- !u!1 &100148
GameObject:
  m_ObjectHideFlags: 1
  m_PrefabParentObject: {fileID: 0}
  m_PrefabInternal: {fileID: 100100000}
  serializedVersion: 4
  m_Component:
  - 4: {fileID: 400124}
  m_Layer: 0
  m_Name: Bip001 HeadNub
  m_TagString: Untagged
  m_Icon: {fileID: 0}
  m_NavMeshLayer: 0
  m_StaticEditorFlags: 0
  m_IsActive: 1
--- !u!1 &100150
GameObject:
  m_ObjectHideFlags: 1
  m_PrefabParentObject: {fileID: 0}
  m_PrefabInternal: {fileID: 100100000}
  serializedVersion: 4
  m_Component:
  - 4: {fileID: 400130}
  m_Layer: 0
  m_Name: Bip001 Head
  m_TagString: Untagged
  m_Icon: {fileID: 0}
  m_NavMeshLayer: 0
  m_StaticEditorFlags: 0
  m_IsActive: 1
--- !u!1 &100152
GameObject:
  m_ObjectHideFlags: 1
  m_PrefabParentObject: {fileID: 0}
  m_PrefabInternal: {fileID: 100100000}
  serializedVersion: 4
  m_Component:
  - 4: {fileID: 400134}
  m_Layer: 0
  m_Name: Bip001 Neck
  m_TagString: Untagged
  m_Icon: {fileID: 0}
  m_NavMeshLayer: 0
  m_StaticEditorFlags: 0
  m_IsActive: 1
--- !u!1 &100154
GameObject:
  m_ObjectHideFlags: 1
  m_PrefabParentObject: {fileID: 0}
  m_PrefabInternal: {fileID: 100100000}
  serializedVersion: 4
  m_Component:
  - 4: {fileID: 400136}
  m_Layer: 0
  m_Name: Bip001 Spine1
  m_TagString: Untagged
  m_Icon: {fileID: 0}
  m_NavMeshLayer: 0
  m_StaticEditorFlags: 0
  m_IsActive: 1
--- !u!1 &100156
GameObject:
  m_ObjectHideFlags: 1
  m_PrefabParentObject: {fileID: 0}
  m_PrefabInternal: {fileID: 100100000}
  serializedVersion: 4
  m_Component:
  - 4: {fileID: 400170}
  m_Layer: 0
  m_Name: Bip001 Spine
  m_TagString: Untagged
  m_Icon: {fileID: 0}
  m_NavMeshLayer: 0
  m_StaticEditorFlags: 0
  m_IsActive: 1
--- !u!1 &100158
GameObject:
  m_ObjectHideFlags: 1
  m_PrefabParentObject: {fileID: 0}
  m_PrefabInternal: {fileID: 100100000}
  serializedVersion: 4
  m_Component:
  - 4: {fileID: 400138}
  m_Layer: 0
  m_Name: Bip001 R Toe0Nub
  m_TagString: Untagged
  m_Icon: {fileID: 0}
  m_NavMeshLayer: 0
  m_StaticEditorFlags: 0
  m_IsActive: 1
--- !u!1 &100160
GameObject:
  m_ObjectHideFlags: 1
  m_PrefabParentObject: {fileID: 0}
  m_PrefabInternal: {fileID: 100100000}
  serializedVersion: 4
  m_Component:
  - 4: {fileID: 400140}
  m_Layer: 0
  m_Name: Bip001 R Toe0
  m_TagString: Untagged
  m_Icon: {fileID: 0}
  m_NavMeshLayer: 0
  m_StaticEditorFlags: 0
  m_IsActive: 1
--- !u!1 &100162
GameObject:
  m_ObjectHideFlags: 1
  m_PrefabParentObject: {fileID: 0}
  m_PrefabInternal: {fileID: 100100000}
  serializedVersion: 4
  m_Component:
  - 4: {fileID: 400142}
  m_Layer: 0
  m_Name: Bip001 R Foot
  m_TagString: Untagged
  m_Icon: {fileID: 0}
  m_NavMeshLayer: 0
  m_StaticEditorFlags: 0
  m_IsActive: 1
--- !u!1 &100164
GameObject:
  m_ObjectHideFlags: 1
  m_PrefabParentObject: {fileID: 0}
  m_PrefabInternal: {fileID: 100100000}
  serializedVersion: 4
  m_Component:
  - 4: {fileID: 400144}
  m_Layer: 0
  m_Name: Bip001 R Calf
  m_TagString: Untagged
  m_Icon: {fileID: 0}
  m_NavMeshLayer: 0
  m_StaticEditorFlags: 0
  m_IsActive: 1
--- !u!1 &100166
GameObject:
  m_ObjectHideFlags: 1
  m_PrefabParentObject: {fileID: 0}
  m_PrefabInternal: {fileID: 100100000}
  serializedVersion: 4
  m_Component:
  - 4: {fileID: 400172}
  m_Layer: 0
  m_Name: Bip001 R Thigh
  m_TagString: Untagged
  m_Icon: {fileID: 0}
  m_NavMeshLayer: 0
  m_StaticEditorFlags: 0
  m_IsActive: 1
--- !u!1 &100168
GameObject:
  m_ObjectHideFlags: 1
  m_PrefabParentObject: {fileID: 0}
  m_PrefabInternal: {fileID: 100100000}
  serializedVersion: 4
  m_Component:
  - 4: {fileID: 400146}
  m_Layer: 0
  m_Name: Bip001 L Toe0Nub
  m_TagString: Untagged
  m_Icon: {fileID: 0}
  m_NavMeshLayer: 0
  m_StaticEditorFlags: 0
  m_IsActive: 1
--- !u!1 &100170
GameObject:
  m_ObjectHideFlags: 1
  m_PrefabParentObject: {fileID: 0}
  m_PrefabInternal: {fileID: 100100000}
  serializedVersion: 4
  m_Component:
  - 4: {fileID: 400148}
  m_Layer: 0
  m_Name: Bip001 L Toe0
  m_TagString: Untagged
  m_Icon: {fileID: 0}
  m_NavMeshLayer: 0
  m_StaticEditorFlags: 0
  m_IsActive: 1
--- !u!1 &100172
GameObject:
  m_ObjectHideFlags: 1
  m_PrefabParentObject: {fileID: 0}
  m_PrefabInternal: {fileID: 100100000}
  serializedVersion: 4
  m_Component:
  - 4: {fileID: 400150}
  m_Layer: 0
  m_Name: Bip001 L Foot
  m_TagString: Untagged
  m_Icon: {fileID: 0}
  m_NavMeshLayer: 0
  m_StaticEditorFlags: 0
  m_IsActive: 1
--- !u!1 &100174
GameObject:
  m_ObjectHideFlags: 1
  m_PrefabParentObject: {fileID: 0}
  m_PrefabInternal: {fileID: 100100000}
  serializedVersion: 4
  m_Component:
  - 4: {fileID: 400152}
  m_Layer: 0
  m_Name: Bip001 L Calf
  m_TagString: Untagged
  m_Icon: {fileID: 0}
  m_NavMeshLayer: 0
  m_StaticEditorFlags: 0
  m_IsActive: 1
--- !u!1 &100176
GameObject:
  m_ObjectHideFlags: 1
  m_PrefabParentObject: {fileID: 0}
  m_PrefabInternal: {fileID: 100100000}
  serializedVersion: 4
  m_Component:
  - 4: {fileID: 400174}
  m_Layer: 0
  m_Name: Bip001 L Thigh
  m_TagString: Untagged
  m_Icon: {fileID: 0}
  m_NavMeshLayer: 0
  m_StaticEditorFlags: 0
  m_IsActive: 1
--- !u!1 &100178
GameObject:
  m_ObjectHideFlags: 1
  m_PrefabParentObject: {fileID: 0}
  m_PrefabInternal: {fileID: 100100000}
  serializedVersion: 4
  m_Component:
  - 4: {fileID: 400178}
  m_Layer: 0
  m_Name: Bip001 Pelvis
  m_TagString: Untagged
  m_Icon: {fileID: 0}
  m_NavMeshLayer: 0
  m_StaticEditorFlags: 0
  m_IsActive: 1
--- !u!1 &100180
GameObject:
  m_ObjectHideFlags: 1
  m_PrefabParentObject: {fileID: 0}
  m_PrefabInternal: {fileID: 100100000}
  serializedVersion: 4
  m_Component:
  - 4: {fileID: 400180}
  m_Layer: 0
  m_Name: Bip001 Footsteps
  m_TagString: Untagged
  m_Icon: {fileID: 0}
  m_NavMeshLayer: 0
  m_StaticEditorFlags: 0
  m_IsActive: 1
--- !u!1 &100182
GameObject:
  m_ObjectHideFlags: 0
  m_PrefabParentObject: {fileID: 0}
  m_PrefabInternal: {fileID: 100100000}
  serializedVersion: 4
  m_Component:
  - 4: {fileID: 400182}
  m_Layer: 0
  m_Name: Particle View 01
  m_TagString: Untagged
  m_Icon: {fileID: 0}
  m_NavMeshLayer: 0
  m_StaticEditorFlags: 0
  m_IsActive: 1
--- !u!1 &100184
GameObject:
  m_ObjectHideFlags: 0
  m_PrefabParentObject: {fileID: 0}
  m_PrefabInternal: {fileID: 100100000}
  serializedVersion: 4
  m_Component:
  - 4: {fileID: 400184}
  - 137: {fileID: 13700000}
  m_Layer: 0
  m_Name: Object02
  m_TagString: Untagged
  m_Icon: {fileID: 0}
  m_NavMeshLayer: 0
  m_StaticEditorFlags: 0
  m_IsActive: 1
--- !u!1 &100186
GameObject:
  m_ObjectHideFlags: 0
  m_PrefabParentObject: {fileID: 0}
  m_PrefabInternal: {fileID: 100100000}
  serializedVersion: 4
  m_Component:
  - 4: {fileID: 400186}
  m_Layer: 0
  m_Name: Bip001
  m_TagString: Untagged
  m_Icon: {fileID: 0}
  m_NavMeshLayer: 0
  m_StaticEditorFlags: 0
  m_IsActive: 1
--- !u!1 &100188
GameObject:
  m_ObjectHideFlags: 0
  m_PrefabParentObject: {fileID: 0}
  m_PrefabInternal: {fileID: 100100000}
  serializedVersion: 4
  m_Component:
  - 4: {fileID: 400188}
  - 95: {fileID: 9500000}
  m_Layer: 0
  m_Name: 111111111111111111zhuangbei
  m_TagString: Untagged
  m_Icon: {fileID: 0}
  m_NavMeshLayer: 0
  m_StaticEditorFlags: 0
  m_IsActive: 1
--- !u!4 &400000
Transform:
  m_ObjectHideFlags: 1
  m_PrefabParentObject: {fileID: 0}
  m_PrefabInternal: {fileID: 100100000}
  m_GameObject: {fileID: 100002}
  m_LocalRotation: {x: -2.52388418e-07, y: 2.38418579e-07, z: 6.01740879e-14, w: 1}
  m_LocalPosition: {x: -.309310883, y: -1.62124635e-07, z: 1.14440915e-07}
  m_LocalScale: {x: 1, y: 1, z: .999999762}
  m_Children: []
  m_Father: {fileID: 400002}
  m_RootOrder: 0
--- !u!4 &400002
Transform:
  m_ObjectHideFlags: 1
  m_PrefabParentObject: {fileID: 0}
  m_PrefabInternal: {fileID: 100100000}
  m_GameObject: {fileID: 100004}
  m_LocalRotation: {x: -.17350845, y: -.105445646, z: -.0101651493, w: .979118347}
  m_LocalPosition: {x: -.300491035, y: 3.81469718e-08, z: 3.81469718e-08}
  m_LocalScale: {x: .999999881, y: 1, z: .999999821}
  m_Children:
  - {fileID: 400000}
  m_Father: {fileID: 400004}
  m_RootOrder: 0
--- !u!4 &400004
Transform:
  m_ObjectHideFlags: 1
  m_PrefabParentObject: {fileID: 0}
  m_PrefabInternal: {fileID: 100100000}
  m_GameObject: {fileID: 100006}
  m_LocalRotation: {x: -2.78246915e-07, y: -3.12290865e-07, z: -.00228000339, w: .999997437}
  m_LocalPosition: {x: -.281410903, y: -7.62939436e-08, z: -7.62939436e-08}
  m_LocalScale: {x: .999999821, y: .99999994, z: 1}
  m_Children:
  - {fileID: 400002}
  m_Father: {fileID: 400006}
  m_RootOrder: 0
--- !u!4 &400006
Transform:
  m_ObjectHideFlags: 1
  m_PrefabParentObject: {fileID: 0}
  m_PrefabInternal: {fileID: 100100000}
  m_GameObject: {fileID: 100008}
  m_LocalRotation: {x: -.00915648881, y: -.0487015024, z: .00731452089, w: .998744667}
  m_LocalPosition: {x: -.328771591, y: 1.14440915e-07, z: -7.62939436e-08}
  m_LocalScale: {x: .999999821, y: 1.00000024, z: .99999994}
  m_Children:
  - {fileID: 400004}
  m_Father: {fileID: 400154}
  m_RootOrder: 0
--- !u!4 &400008
Transform:
  m_ObjectHideFlags: 1
  m_PrefabParentObject: {fileID: 0}
  m_PrefabInternal: {fileID: 100100000}
  m_GameObject: {fileID: 100012}
  m_LocalRotation: {x: 1.86264497e-08, y: 1.49011594e-08, z: 7.45057926e-09, w: 1}
  m_LocalPosition: {x: -.309310913, y: 9.5367426e-08, z: 3.81469718e-08}
  m_LocalScale: {x: 1.00000012, y: 1.00000012, z: .99999994}
  m_Children: []
  m_Father: {fileID: 400010}
  m_RootOrder: 0
--- !u!4 &400010
Transform:
  m_ObjectHideFlags: 1
  m_PrefabParentObject: {fileID: 0}
  m_PrefabInternal: {fileID: 100100000}
  m_GameObject: {fileID: 100014}
  m_LocalRotation: {x: .0085288845, y: -.0377343893, z: -.0332830884, w: .998696983}
  m_LocalPosition: {x: -.300491095, y: 0, z: 0}
  m_LocalScale: {x: .99999994, y: 1, z: 1}
  m_Children:
  - {fileID: 400008}
  m_Father: {fileID: 400012}
  m_RootOrder: 0
--- !u!4 &400012
Transform:
  m_ObjectHideFlags: 1
  m_PrefabParentObject: {fileID: 0}
  m_PrefabInternal: {fileID: 100100000}
  m_GameObject: {fileID: 100016}
  m_LocalRotation: {x: -4.75212358e-09, y: -1.79160352e-07, z: .0410753824, w: .999156058}
  m_LocalPosition: {x: -.281410962, y: 5.72204577e-08, z: -7.62939436e-08}
  m_LocalScale: {x: .99999994, y: 1, z: .99999994}
  m_Children:
  - {fileID: 400010}
  m_Father: {fileID: 400014}
  m_RootOrder: 0
--- !u!4 &400014
Transform:
  m_ObjectHideFlags: 1
  m_PrefabParentObject: {fileID: 0}
  m_PrefabInternal: {fileID: 100100000}
  m_GameObject: {fileID: 100018}
  m_LocalRotation: {x: .00915639196, y: -.0487017147, z: -.00731455814, w: .998744607}
  m_LocalPosition: {x: -.328771889, y: -9.5367426e-08, z: 7.62939436e-08}
  m_LocalScale: {x: 1.00000012, y: 1, z: 1}
  m_Children:
  - {fileID: 400012}
  m_Father: {fileID: 400156}
  m_RootOrder: 0
--- !u!4 &400016
Transform:
  m_ObjectHideFlags: 1
  m_PrefabParentObject: {fileID: 0}
  m_PrefabInternal: {fileID: 100100000}
  m_GameObject: {fileID: 100022}
  m_LocalRotation: {x: 9.26972277e-09, y: -8.99107511e-10, z: -.0965409428, w: .995329022}
  m_LocalPosition: {x: -.291793257, y: -3.81469718e-08, z: 3.57627861e-09}
  m_LocalScale: {x: 1.00000012, y: 1.00000012, z: 1}
  m_Children: []
  m_Father: {fileID: 400018}
  m_RootOrder: 0
--- !u!4 &400018
Transform:
  m_ObjectHideFlags: 1
  m_PrefabParentObject: {fileID: 0}
  m_PrefabInternal: {fileID: 100100000}
  m_GameObject: {fileID: 100024}
  m_LocalRotation: {x: -4.49496653e-08, y: -1.23577721e-07, z: -.0282244552, w: .999601603}
  m_LocalPosition: {x: -.302731723, y: 3.81469718e-08, z: 3.93390636e-08}
  m_LocalScale: {x: 1.00000048, y: 1.00000024, z: 1}
  m_Children:
  - {fileID: 400016}
  m_Father: {fileID: 400020}
  m_RootOrder: 0
--- !u!4 &400020
Transform:
  m_ObjectHideFlags: 1
  m_PrefabParentObject: {fileID: 0}
  m_PrefabInternal: {fileID: 100100000}
  m_GameObject: {fileID: 100026}
  m_LocalRotation: {x: -.00107249059, y: -.0253012422, z: -.0423372164, w: .998782396}
  m_LocalPosition: {x: -.270849437, y: 0, z: -2.86102289e-08}
  m_LocalScale: {x: .999999642, y: .999999464, z: 1}
  m_Children:
  - {fileID: 400018}
  m_Father: {fileID: 400022}
  m_RootOrder: 0
--- !u!4 &400022
Transform:
  m_ObjectHideFlags: 1
  m_PrefabParentObject: {fileID: 0}
  m_PrefabInternal: {fileID: 100100000}
  m_GameObject: {fileID: 100028}
  m_LocalRotation: {x: 4.2416155e-09, y: 2.09108872e-08, z: -.0426747799, w: .999089003}
  m_LocalPosition: {x: -.3419213, y: 1.52587887e-07, z: 1.43051144e-08}
  m_LocalScale: {x: 1.00000012, y: 1.00000012, z: 1.00000036}
  m_Children:
  - {fileID: 400020}
  m_Father: {fileID: 400158}
  m_RootOrder: 0
--- !u!4 &400024
Transform:
  m_ObjectHideFlags: 1
  m_PrefabParentObject: {fileID: 0}
  m_PrefabInternal: {fileID: 100100000}
  m_GameObject: {fileID: 100032}
  m_LocalRotation: {x: -2.20723479e-07, y: 9.31322752e-09, z: 2.05564795e-15, w: 1}
  m_LocalPosition: {x: -.309310824, y: -1.14440915e-07, z: 1.90734859e-08}
  m_LocalScale: {x: .999999821, y: .999999881, z: 1.00000012}
  m_Children: []
  m_Father: {fileID: 400026}
  m_RootOrder: 0
--- !u!4 &400026
Transform:
  m_ObjectHideFlags: 1
  m_PrefabParentObject: {fileID: 0}
  m_PrefabInternal: {fileID: 100100000}
  m_GameObject: {fileID: 100034}
  m_LocalRotation: {x: 1.91989926e-07, y: 2.69305307e-08, z: .0334722884, w: .999439657}
  m_LocalPosition: {x: -.300491035, y: 0, z: -9.5367426e-08}
  m_LocalScale: {x: .99999994, y: 1, z: .999999821}
  m_Children:
  - {fileID: 400024}
  m_Father: {fileID: 400028}
  m_RootOrder: 0
--- !u!4 &400028
Transform:
  m_ObjectHideFlags: 1
  m_PrefabParentObject: {fileID: 0}
  m_PrefabInternal: {fileID: 100100000}
  m_GameObject: {fileID: 100036}
  m_LocalRotation: {x: 8.76260753e-09, y: -3.72729829e-08, z: -.00227997336, w: .999997437}
  m_LocalPosition: {x: -.281411141, y: 7.62939436e-08, z: 7.62939436e-08}
  m_LocalScale: {x: .99999994, y: .999999881, z: .999999881}
  m_Children:
  - {fileID: 400026}
  m_Father: {fileID: 400030}
  m_RootOrder: 0
--- !u!4 &400030
Transform:
  m_ObjectHideFlags: 1
  m_PrefabParentObject: {fileID: 0}
  m_PrefabInternal: {fileID: 100100000}
  m_GameObject: {fileID: 100038}
  m_LocalRotation: {x: -2.34903439e-07, y: 2.1244044e-07, z: .00753394933, w: .999971628}
  m_LocalPosition: {x: -.3287718, y: 1.14440915e-07, z: 0}
  m_LocalScale: {x: 1.00000012, y: 1.00000024, z: 1.00000012}
  m_Children:
  - {fileID: 400028}
  m_Father: {fileID: 400160}
  m_RootOrder: 0
--- !u!4 &400032
Transform:
  m_ObjectHideFlags: 1
  m_PrefabParentObject: {fileID: 0}
  m_PrefabInternal: {fileID: 100100000}
  m_GameObject: {fileID: 100042}
  m_LocalRotation: {x: 3.72529008e-09, y: -9.31322486e-09, z: 1.49011594e-08, w: 1}
  m_LocalPosition: {x: -.309310824, y: 1.14440915e-07, z: -1.90734859e-08}
  m_LocalScale: {x: 1.00000012, y: 1.00000012, z: 1}
  m_Children: []
  m_Father: {fileID: 400034}
  m_RootOrder: 0
--- !u!4 &400034
Transform:
  m_ObjectHideFlags: 1
  m_PrefabParentObject: {fileID: 0}
  m_PrefabInternal: {fileID: 100100000}
  m_GameObject: {fileID: 100044}
  m_LocalRotation: {x: 3.90312849e-08, y: -3.17088134e-09, z: -.0334721282, w: .999439657}
  m_LocalPosition: {x: -.300491244, y: 0, z: 1.14440915e-07}
  m_LocalScale: {x: 1.00000036, y: 1, z: 1.00000012}
  m_Children:
  - {fileID: 400032}
  m_Father: {fileID: 400036}
  m_RootOrder: 0
--- !u!4 &400036
Transform:
  m_ObjectHideFlags: 1
  m_PrefabParentObject: {fileID: 0}
  m_PrefabInternal: {fileID: 100100000}
  m_GameObject: {fileID: 100046}
  m_LocalRotation: {x: 1.20619577e-08, y: -1.84374912e-07, z: .00228008558, w: .999997437}
  m_LocalPosition: {x: -.281410873, y: 7.62939436e-08, z: -1.33514405e-07}
  m_LocalScale: {x: .999999702, y: .999999762, z: .999999881}
  m_Children:
  - {fileID: 400034}
  m_Father: {fileID: 400038}
  m_RootOrder: 0
--- !u!4 &400038
Transform:
  m_ObjectHideFlags: 1
  m_PrefabParentObject: {fileID: 0}
  m_PrefabInternal: {fileID: 100100000}
  m_GameObject: {fileID: 100048}
  m_LocalRotation: {x: 1.69373422e-07, y: 2.29698429e-07, z: -.00753399404, w: .999971628}
  m_LocalPosition: {x: -.328771889, y: -3.81469718e-08, z: -1.90734859e-08}
  m_LocalScale: {x: 1.00000012, y: 1, z: 1}
  m_Children:
  - {fileID: 400036}
  m_Father: {fileID: 400162}
  m_RootOrder: 0
--- !u!4 &400040
Transform:
  m_ObjectHideFlags: 1
  m_PrefabParentObject: {fileID: 0}
  m_PrefabInternal: {fileID: 100100000}
  m_GameObject: {fileID: 100052}
  m_LocalRotation: {x: 1.49011612e-08, y: -7.45057926e-09, z: -1.49011576e-08, w: 1}
  m_LocalPosition: {x: -.291793257, y: -3.81469718e-08, z: 0}
  m_LocalScale: {x: 1.00000024, y: 1, z: 1}
  m_Children: []
  m_Father: {fileID: 400042}
  m_RootOrder: 0
--- !u!4 &400042
Transform:
  m_ObjectHideFlags: 1
  m_PrefabParentObject: {fileID: 0}
  m_PrefabInternal: {fileID: 100100000}
  m_GameObject: {fileID: 100054}
  m_LocalRotation: {x: -1.73287127e-08, y: -7.52275486e-09, z: .0323080607, w: .999477983}
  m_LocalPosition: {x: -.302731723, y: -3.81469718e-08, z: 7.15255721e-09}
  m_LocalScale: {x: 1.00000024, y: 1.00000024, z: .999999881}
  m_Children:
  - {fileID: 400040}
  m_Father: {fileID: 400044}
  m_RootOrder: 0
--- !u!4 &400044
Transform:
  m_ObjectHideFlags: 1
  m_PrefabParentObject: {fileID: 0}
  m_PrefabInternal: {fileID: 100100000}
  m_GameObject: {fileID: 100056}
  m_LocalRotation: {x: 9.68705915e-09, y: -1.00575788e-08, z: .0296357088, w: .999560773}
  m_LocalPosition: {x: -.270849645, y: 3.81469718e-08, z: 0}
  m_LocalScale: {x: .999999642, y: .999999762, z: .999999881}
  m_Children:
  - {fileID: 400042}
  m_Father: {fileID: 400046}
  m_RootOrder: 0
--- !u!4 &400046
Transform:
  m_ObjectHideFlags: 1
  m_PrefabParentObject: {fileID: 0}
  m_PrefabInternal: {fileID: 100100000}
  m_GameObject: {fileID: 100058}
  m_LocalRotation: {x: -1.78594775e-08, y: 1.2308857e-08, z: .0570989214, w: .998368561}
  m_LocalPosition: {x: -.341921151, y: -3.81469718e-08, z: 4.76837148e-09}
  m_LocalScale: {x: 1.00000048, y: 1.00000024, z: 1.00000012}
  m_Children:
  - {fileID: 400044}
  m_Father: {fileID: 400164}
  m_RootOrder: 0
--- !u!4 &400048
Transform:
  m_ObjectHideFlags: 1
  m_PrefabParentObject: {fileID: 0}
  m_PrefabInternal: {fileID: 100100000}
  m_GameObject: {fileID: 100062}
  m_LocalRotation: {x: 6.51925935e-09, y: -7.45058149e-09, z: 4.85722706e-17, w: 1}
  m_LocalPosition: {x: -.309694082, y: 0, z: 9.5367426e-08}
  m_LocalScale: {x: .999999881, y: .999999821, z: .99999994}
  m_Children: []
  m_Father: {fileID: 400050}
  m_RootOrder: 0
--- !u!4 &400050
Transform:
  m_ObjectHideFlags: 1
  m_PrefabParentObject: {fileID: 0}
  m_PrefabInternal: {fileID: 100100000}
  m_GameObject: {fileID: 100064}
  m_LocalRotation: {x: 3.45263977e-08, y: -2.97241289e-08, z: .00226662052, w: .999997437}
  m_LocalPosition: {x: -.302800775, y: 3.81469718e-08, z: -1.33514405e-07}
  m_LocalScale: {x: 1.00000036, y: .99999994, z: 1}
  m_Children:
  - {fileID: 400048}
  m_Father: {fileID: 400052}
  m_RootOrder: 0
--- !u!4 &400052
Transform:
  m_ObjectHideFlags: 1
  m_PrefabParentObject: {fileID: 0}
  m_PrefabInternal: {fileID: 100100000}
  m_GameObject: {fileID: 100066}
  m_LocalRotation: {x: 1.68087155e-07, y: -9.03103015e-08, z: -.00536644785, w: .999985635}
  m_LocalPosition: {x: -.287588954, y: 7.62939436e-08, z: 1.90734859e-08}
  m_LocalScale: {x: 1, y: 1.00000012, z: .99999994}
  m_Children:
  - {fileID: 400050}
  m_Father: {fileID: 400054}
  m_RootOrder: 0
--- !u!4 &400054
Transform:
  m_ObjectHideFlags: 1
  m_PrefabParentObject: {fileID: 0}
  m_PrefabInternal: {fileID: 100100000}
  m_GameObject: {fileID: 100068}
  m_LocalRotation: {x: -2.49590357e-07, y: 4.10031227e-08, z: -9.98824835e-05, w: 1}
  m_LocalPosition: {x: -.320981681, y: 0, z: 7.62939436e-08}
  m_LocalScale: {x: 1, y: .99999994, z: .999999821}
  m_Children:
  - {fileID: 400052}
  m_Father: {fileID: 400166}
  m_RootOrder: 0
--- !u!4 &400056
Transform:
  m_ObjectHideFlags: 1
  m_PrefabParentObject: {fileID: 0}
  m_PrefabInternal: {fileID: 100100000}
  m_GameObject: {fileID: 100072}
  m_LocalRotation: {x: 3.72528994e-08, y: 7.4505806e-09, z: -2.7755573e-16, w: 1}
  m_LocalPosition: {x: -.30969429, y: 0, z: 1.90734859e-08}
  m_LocalScale: {x: 1, y: 1.00000012, z: 1.00000012}
  m_Children: []
  m_Father: {fileID: 400058}
  m_RootOrder: 0
--- !u!4 &400058
Transform:
  m_ObjectHideFlags: 1
  m_PrefabParentObject: {fileID: 0}
  m_PrefabInternal: {fileID: 100100000}
  m_GameObject: {fileID: 100074}
  m_LocalRotation: {x: -2.49598759e-08, y: 8.20131731e-08, z: -.00226666615, w: .999997437}
  m_LocalPosition: {x: -.302800328, y: 3.81469718e-08, z: 1.14440915e-07}
  m_LocalScale: {x: .99999994, y: 1, z: .999999642}
  m_Children:
  - {fileID: 400056}
  m_Father: {fileID: 400060}
  m_RootOrder: 0
--- !u!4 &400060
Transform:
  m_ObjectHideFlags: 1
  m_PrefabParentObject: {fileID: 0}
  m_PrefabInternal: {fileID: 100100000}
  m_GameObject: {fileID: 100076}
  m_LocalRotation: {x: -1.74149797e-08, y: -5.22482502e-08, z: .00536654936, w: .999985635}
  m_LocalPosition: {x: -.287588775, y: -1.14440915e-07, z: -1.90734859e-08}
  m_LocalScale: {x: 1.0000006, y: 1.00000048, z: .999999881}
  m_Children:
  - {fileID: 400058}
  m_Father: {fileID: 400062}
  m_RootOrder: 0
--- !u!4 &400062
Transform:
  m_ObjectHideFlags: 1
  m_PrefabParentObject: {fileID: 0}
  m_PrefabInternal: {fileID: 100100000}
  m_GameObject: {fileID: 100078}
  m_LocalRotation: {x: -9.27973309e-10, y: -3.3527698e-08, z: 9.98824617e-05, w: 1}
  m_LocalPosition: {x: -.320981741, y: 0, z: 9.5367426e-08}
  m_LocalScale: {x: 1.00000024, y: 1.00000048, z: 1.00000012}
  m_Children:
  - {fileID: 400060}
  m_Father: {fileID: 400168}
  m_RootOrder: 0
--- !u!4 &400064
Transform:
  m_ObjectHideFlags: 1
  m_PrefabParentObject: {fileID: 0}
  m_PrefabInternal: {fileID: 100100000}
  m_GameObject: {fileID: 100082}
  m_LocalRotation: {x: -6.42612576e-08, y: 3.91155446e-08, z: 5.21540677e-08, w: 1}
  m_LocalPosition: {x: -.218208, y: 1.14440911e-06, z: 1.43051144e-08}
  m_LocalScale: {x: 1, y: 1, z: .999999881}
  m_Children: []
  m_Father: {fileID: 400132}
  m_RootOrder: 0
--- !u!4 &400066
Transform:
  m_ObjectHideFlags: 1
  m_PrefabParentObject: {fileID: 0}
  m_PrefabInternal: {fileID: 100100000}
  m_GameObject: {fileID: 100086}
  m_LocalRotation: {x: 1.97440229e-07, y: 1.80676636e-07, z: 4.76837016e-07, w: 1}
  m_LocalPosition: {x: -.301763445, y: 0, z: 1.62124635e-07}
  m_LocalScale: {x: 1.00000024, y: 1.00000036, z: 1.00000012}
  m_Children: []
  m_Father: {fileID: 400084}
  m_RootOrder: 0
--- !u!4 &400068
Transform:
  m_ObjectHideFlags: 1
  m_PrefabParentObject: {fileID: 0}
  m_PrefabInternal: {fileID: 100100000}
  m_GameObject: {fileID: 100090}
  m_LocalRotation: {x: 0, y: -0, z: 1, w: 6.12323426e-17}
  m_LocalPosition: {x: -.0508771501, y: 7.62939436e-08, z: 0}
  m_LocalScale: {x: -1, y: -.99999994, z: -1}
  m_Children: []
  m_Father: {fileID: 400070}
  m_RootOrder: 0
--- !u!4 &400070
Transform:
  m_ObjectHideFlags: 1
  m_PrefabParentObject: {fileID: 0}
  m_PrefabInternal: {fileID: 100100000}
  m_GameObject: {fileID: 100092}
  m_LocalRotation: {x: -1.80865722e-08, y: 1.3133028e-08, z: -.587561727, w: .809179425}
  m_LocalPosition: {x: -.0479954518, y: -7.62939436e-08, z: 0}
  m_LocalScale: {x: .999999821, y: .99999994, z: .99999994}
  m_Children:
  - {fileID: 400068}
  m_Father: {fileID: 400076}
  m_RootOrder: 0
--- !u!4 &400072
Transform:
  m_ObjectHideFlags: 1
  m_PrefabParentObject: {fileID: 0}
  m_PrefabInternal: {fileID: 100100000}
  m_GameObject: {fileID: 100096}
  m_LocalRotation: {x: -1.49011612e-08, y: 7.45057971e-09, z: 1, w: -7.4505806e-09}
  m_LocalPosition: {x: -.0391697697, y: 0, z: 1.90734859e-08}
  m_LocalScale: {x: -1, y: -1.00000012, z: -1}
  m_Children: []
  m_Father: {fileID: 400074}
  m_RootOrder: 0
--- !u!4 &400074
Transform:
  m_ObjectHideFlags: 1
  m_PrefabParentObject: {fileID: 0}
  m_PrefabInternal: {fileID: 100100000}
  m_GameObject: {fileID: 100098}
  m_LocalRotation: {x: -7.23615345e-09, y: 1.77460902e-09, z: -.23818399, w: .971220076}
  m_LocalPosition: {x: -.041555021, y: 0, z: 0}
  m_LocalScale: {x: 1, y: 1, z: .99999994}
  m_Children:
  - {fileID: 400072}
  m_Father: {fileID: 400078}
  m_RootOrder: 0
--- !u!4 &400076
Transform:
  m_ObjectHideFlags: 1
  m_PrefabParentObject: {fileID: 0}
  m_PrefabInternal: {fileID: 100100000}
  m_GameObject: {fileID: 100094}
  m_LocalRotation: {x: .000335487042, y: .000214374435, z: -.538444638, w: .842660785}
  m_LocalPosition: {x: -.141197205, y: .00868732389, z: 7.83920314e-06}
  m_LocalScale: {x: .99999994, y: .999999821, z: .999999881}
  m_Children:
  - {fileID: 400070}
  m_Father: {fileID: 400080}
  m_RootOrder: 1
--- !u!4 &400078
Transform:
  m_ObjectHideFlags: 1
  m_PrefabParentObject: {fileID: 0}
  m_PrefabInternal: {fileID: 100100000}
  m_GameObject: {fileID: 100100}
  m_LocalRotation: {x: -.606123805, y: .240459055, z: .0134617593, w: .758031785}
  m_LocalPosition: {x: -.0840183273, y: .0327301025, z: .0667797849}
  m_LocalScale: {x: .99999994, y: .999999881, z: .999999821}
  m_Children:
  - {fileID: 400074}
  m_Father: {fileID: 400080}
  m_RootOrder: 0
--- !u!4 &400080
Transform:
  m_ObjectHideFlags: 1
  m_PrefabParentObject: {fileID: 0}
  m_PrefabInternal: {fileID: 100100000}
  m_GameObject: {fileID: 100102}
  m_LocalRotation: {x: .792356014, y: .0996751338, z: -.0260913838, w: .601295352}
  m_LocalPosition: {x: -.33123678, y: -9.53674295e-09, z: 3.81469718e-08}
  m_LocalScale: {x: .999999821, y: .99999994, z: .99999994}
  m_Children:
  - {fileID: 400078}
  - {fileID: 400076}
  m_Father: {fileID: 400082}
  m_RootOrder: 0
--- !u!4 &400082
Transform:
  m_ObjectHideFlags: 1
  m_PrefabParentObject: {fileID: 0}
  m_PrefabInternal: {fileID: 100100000}
  m_GameObject: {fileID: 100104}
  m_LocalRotation: {x: 1.21475159e-08, y: -5.73141579e-09, z: .146623224, w: .989192426}
  m_LocalPosition: {x: -.303746641, y: 0, z: 0}
  m_LocalScale: {x: 1, y: .99999994, z: 1.00000012}
  m_Children:
  - {fileID: 400080}
  m_Father: {fileID: 400086}
  m_RootOrder: 0
--- !u!4 &400084
Transform:
  m_ObjectHideFlags: 1
  m_PrefabParentObject: {fileID: 0}
  m_PrefabInternal: {fileID: 100100000}
  m_GameObject: {fileID: 100088}
  m_LocalRotation: {x: .610290349, y: -.220342427, z: .253943652, w: .717291832}
  m_LocalPosition: {x: -.125722006, y: .00409507751, z: -.0169192497}
  m_LocalScale: {x: 1, y: 1.00000012, z: 1.00000012}
  m_Children:
  - {fileID: 400066}
  m_Father: {fileID: 400126}
  m_RootOrder: 1
--- !u!4 &400086
Transform:
  m_ObjectHideFlags: 1
  m_PrefabParentObject: {fileID: 0}
  m_PrefabInternal: {fileID: 100100000}
  m_GameObject: {fileID: 100106}
  m_LocalRotation: {x: -.225922003, y: .595920384, z: -.0498063453, w: .768997729}
  m_LocalPosition: {x: -.143535972, y: 3.81469718e-08, z: -1.52587887e-07}
  m_LocalScale: {x: .99999994, y: 1.00000012, z: 1}
  m_Children:
  - {fileID: 400082}
  m_Father: {fileID: 400126}
  m_RootOrder: 0
--- !u!4 &400088
Transform:
  m_ObjectHideFlags: 1
  m_PrefabParentObject: {fileID: 0}
  m_PrefabInternal: {fileID: 100100000}
  m_GameObject: {fileID: 100110}
  m_LocalRotation: {x: 9.31322663e-09, y: -1.86264537e-09, z: -2.98023224e-08, w: 1}
  m_LocalPosition: {x: -.301763445, y: -1.52587887e-07, z: -9.53674295e-09}
  m_LocalScale: {x: 1, y: .99999994, z: 1}
  m_Children: []
  m_Father: {fileID: 400106}
  m_RootOrder: 0
--- !u!4 &400090
Transform:
  m_ObjectHideFlags: 1
  m_PrefabParentObject: {fileID: 0}
  m_PrefabInternal: {fileID: 100100000}
  m_GameObject: {fileID: 100114}
  m_LocalRotation: {x: 1.49011612e-08, y: -7.45058015e-09, z: 1.49011612e-08, w: 1}
  m_LocalPosition: {x: -.0508770756, y: 0, z: 0}
  m_LocalScale: {x: 1, y: 1, z: .99999994}
  m_Children: []
  m_Father: {fileID: 400092}
  m_RootOrder: 0
--- !u!4 &400092
Transform:
  m_ObjectHideFlags: 1
  m_PrefabParentObject: {fileID: 0}
  m_PrefabInternal: {fileID: 100100000}
  m_GameObject: {fileID: 100116}
  m_LocalRotation: {x: -1.04065325e-08, y: -1.65118119e-09, z: -.587561727, w: .809179425}
  m_LocalPosition: {x: -.0479954518, y: 0, z: 0}
  m_LocalScale: {x: .99999994, y: 1, z: 1}
  m_Children:
  - {fileID: 400090}
  m_Father: {fileID: 400098}
  m_RootOrder: 0
--- !u!4 &400094
Transform:
  m_ObjectHideFlags: 1
  m_PrefabParentObject: {fileID: 0}
  m_PrefabInternal: {fileID: 100100000}
  m_GameObject: {fileID: 100120}
  m_LocalRotation: {x: 7.4505806e-09, y: 1.4901163e-08, z: 7.4505806e-09, w: 1}
  m_LocalPosition: {x: -.0391697697, y: 1.90734859e-08, z: 0}
  m_LocalScale: {x: .99999994, y: 1, z: 1}
  m_Children: []
  m_Father: {fileID: 400096}
  m_RootOrder: 0
--- !u!4 &400096
Transform:
  m_ObjectHideFlags: 1
  m_PrefabParentObject: {fileID: 0}
  m_PrefabInternal: {fileID: 100100000}
  m_GameObject: {fileID: 100122}
  m_LocalRotation: {x: -1.45411629e-08, y: 1.89088301e-08, z: -.238184035, w: .971220076}
  m_LocalPosition: {x: -.0415549465, y: 0, z: -1.90734859e-08}
  m_LocalScale: {x: 1, y: 1.00000012, z: 1}
  m_Children:
  - {fileID: 400094}
  m_Father: {fileID: 400100}
  m_RootOrder: 0
--- !u!4 &400098
Transform:
  m_ObjectHideFlags: 1
  m_PrefabParentObject: {fileID: 0}
  m_PrefabInternal: {fileID: 100100000}
  m_GameObject: {fileID: 100118}
  m_LocalRotation: {x: -.000335484743, y: -.000214384738, z: -.538444638, w: .842660785}
  m_LocalPosition: {x: -.141197428, y: .00868783891, z: -7.72476142e-06}
  m_LocalScale: {x: .99999994, y: 1, z: .999999881}
  m_Children:
  - {fileID: 400092}
  m_Father: {fileID: 400102}
  m_RootOrder: 1
--- !u!4 &400100
Transform:
  m_ObjectHideFlags: 1
  m_PrefabParentObject: {fileID: 0}
  m_PrefabInternal: {fileID: 100100000}
  m_GameObject: {fileID: 100124}
  m_LocalRotation: {x: .606123805, y: -.240459055, z: .0134617565, w: .758031785}
  m_LocalPosition: {x: -.0840185508, y: .0327303112, z: -.0667797253}
  m_LocalScale: {x: .99999994, y: .99999994, z: .999999881}
  m_Children:
  - {fileID: 400096}
  m_Father: {fileID: 400102}
  m_RootOrder: 0
--- !u!4 &400102
Transform:
  m_ObjectHideFlags: 1
  m_PrefabParentObject: {fileID: 0}
  m_PrefabInternal: {fileID: 100100000}
  m_GameObject: {fileID: 100126}
  m_LocalRotation: {x: -.792355955, y: -.0996751338, z: -.0260913912, w: .601295412}
  m_LocalPosition: {x: -.331236959, y: 1.90734859e-08, z: 0}
  m_LocalScale: {x: 1.00000012, y: 1.00000012, z: 1}
  m_Children:
  - {fileID: 400100}
  - {fileID: 400098}
  m_Father: {fileID: 400104}
  m_RootOrder: 0
--- !u!4 &400104
Transform:
  m_ObjectHideFlags: 1
  m_PrefabParentObject: {fileID: 0}
  m_PrefabInternal: {fileID: 100100000}
  m_GameObject: {fileID: 100128}
  m_LocalRotation: {x: 0, y: 0, z: .146623239, w: .989192426}
  m_LocalPosition: {x: -.303746492, y: 0, z: 0}
  m_LocalScale: {x: .999999881, y: .99999994, z: .999999881}
  m_Children:
  - {fileID: 400102}
  m_Father: {fileID: 400108}
  m_RootOrder: 0
--- !u!4 &400106
Transform:
  m_ObjectHideFlags: 1
  m_PrefabParentObject: {fileID: 0}
  m_PrefabInternal: {fileID: 100100000}
  m_GameObject: {fileID: 100112}
  m_LocalRotation: {x: .716500461, y: .256168544, z: -.219159365, w: .610715926}
  m_LocalPosition: {x: -.125718266, y: .00343778613, z: .0170640554}
  m_LocalScale: {x: 1, y: 1.00000012, z: 1.00000036}
  m_Children:
  - {fileID: 400088}
  m_Father: {fileID: 400128}
  m_RootOrder: 1
--- !u!4 &400108
Transform:
  m_ObjectHideFlags: 1
  m_PrefabParentObject: {fileID: 0}
  m_PrefabInternal: {fileID: 100100000}
  m_GameObject: {fileID: 100130}
  m_LocalRotation: {x: .223008975, y: -.630117714, z: .0092089586, w: .743729711}
  m_LocalPosition: {x: -.143536031, y: -5.72204577e-08, z: 1.52587887e-07}
  m_LocalScale: {x: 1.00000024, y: 1.00000012, z: 1.00000024}
  m_Children:
  - {fileID: 400104}
  m_Father: {fileID: 400128}
  m_RootOrder: 0
--- !u!4 &400110
Transform:
  m_ObjectHideFlags: 1
  m_PrefabParentObject: {fileID: 0}
  m_PrefabInternal: {fileID: 100100000}
  m_GameObject: {fileID: 100134}
  m_LocalRotation: {x: 1.74623001e-08, y: 1.4901163e-08, z: 1.02445492e-08, w: 1}
  m_LocalPosition: {x: -.131744996, y: 1.95503233e-07, z: 0}
  m_LocalScale: {x: .999999881, y: .999999881, z: 1}
  m_Children: []
  m_Father: {fileID: 400112}
  m_RootOrder: 0
--- !u!4 &400112
Transform:
  m_ObjectHideFlags: 1
  m_PrefabParentObject: {fileID: 0}
  m_PrefabInternal: {fileID: 100100000}
  m_GameObject: {fileID: 100136}
  m_LocalRotation: {x: -4.7538154e-07, y: 7.51047846e-09, z: -.0471269749, w: .99888891}
  m_LocalPosition: {x: -.109349363, y: 0, z: 0}
  m_LocalScale: {x: 1.00000012, y: 1.00000012, z: 1.00000012}
  m_Children:
  - {fileID: 400110}
  m_Father: {fileID: 400120}
  m_RootOrder: 0
--- !u!4 &400114
Transform:
  m_ObjectHideFlags: 1
  m_PrefabParentObject: {fileID: 0}
  m_PrefabInternal: {fileID: 100100000}
  m_GameObject: {fileID: 100140}
  m_LocalRotation: {x: -6.22822061e-09, y: -1.16009649e-17, z: 1.86264515e-09, w: 1}
  m_LocalPosition: {x: -.167781368, y: -7.62939436e-08, z: 0}
  m_LocalScale: {x: 1, y: .999999881, z: 1}
  m_Children: []
  m_Father: {fileID: 400116}
  m_RootOrder: 0
--- !u!4 &400116
Transform:
  m_ObjectHideFlags: 1
  m_PrefabParentObject: {fileID: 0}
  m_PrefabInternal: {fileID: 100100000}
  m_GameObject: {fileID: 100142}
  m_LocalRotation: {x: 7.99663114e-10, y: -2.11420015e-09, z: -.238367096, w: .971175134}
  m_LocalPosition: {x: -.139382631, y: 0, z: -4.76837148e-09}
  m_LocalScale: {x: .99999994, y: .999999881, z: .99999994}
  m_Children:
  - {fileID: 400114}
  m_Father: {fileID: 400118}
  m_RootOrder: 0
--- !u!4 &400118
Transform:
  m_ObjectHideFlags: 1
  m_PrefabParentObject: {fileID: 0}
  m_PrefabInternal: {fileID: 100100000}
  m_GameObject: {fileID: 100144}
  m_LocalRotation: {x: 2.84568014e-08, y: -1.4257945e-08, z: -.105510429, w: .994418204}
  m_LocalPosition: {x: -.186606899, y: 0, z: -1.43051144e-08}
  m_LocalScale: {x: 1, y: 1, z: 1}
  m_Children:
  - {fileID: 400116}
  m_Father: {fileID: 400122}
  m_RootOrder: 0
--- !u!4 &400120
Transform:
  m_ObjectHideFlags: 1
  m_PrefabParentObject: {fileID: 0}
  m_PrefabInternal: {fileID: 100100000}
  m_GameObject: {fileID: 100138}
  m_LocalRotation: {x: .142714202, y: .404066205, z: .901803792, w: -.055794917}
  m_LocalPosition: {x: -.170698091, y: .0945157632, z: -.0330773965}
  m_LocalScale: {x: 1.00000012, y: 1.00000012, z: 1}
  m_Children:
  - {fileID: 400112}
  m_Father: {fileID: 400130}
  m_RootOrder: 2
--- !u!4 &400122
Transform:
  m_ObjectHideFlags: 1
  m_PrefabParentObject: {fileID: 0}
  m_PrefabInternal: {fileID: 100100000}
  m_GameObject: {fileID: 100146}
  m_LocalRotation: {x: .239193022, y: .970972061, z: 8.30167835e-07, w: -4.87128382e-08}
  m_LocalPosition: {x: -.0711543262, y: -.0870263278, z: -3.33786012e-08}
  m_LocalScale: {x: 1, y: 1.00000024, z: .99999994}
  m_Children:
  - {fileID: 400118}
  m_Father: {fileID: 400130}
  m_RootOrder: 1
--- !u!4 &400124
Transform:
  m_ObjectHideFlags: 1
  m_PrefabParentObject: {fileID: 0}
  m_PrefabInternal: {fileID: 100100000}
  m_GameObject: {fileID: 100148}
  m_LocalRotation: {x: 2.32830644e-09, y: 1.86264515e-09, z: -4.33680869e-18, w: 1}
  m_LocalPosition: {x: -.205727682, y: 0, z: 0}
  m_LocalScale: {x: 1, y: 1, z: .99999994}
  m_Children: []
  m_Father: {fileID: 400130}
  m_RootOrder: 0
--- !u!4 &400126
Transform:
  m_ObjectHideFlags: 1
  m_PrefabParentObject: {fileID: 0}
  m_PrefabInternal: {fileID: 100100000}
  m_GameObject: {fileID: 100108}
  m_LocalRotation: {x: .698489308, y: .11005383, z: .697572172, w: -.115732037}
  m_LocalPosition: {x: .131463006, y: -.0146473879, z: -.0902521759}
  m_LocalScale: {x: 1, y: .999999881, z: .999999881}
  m_Children:
  - {fileID: 400086}
  - {fileID: 400084}
  m_Father: {fileID: 400134}
  m_RootOrder: 2
--- !u!4 &400128
Transform:
  m_ObjectHideFlags: 1
  m_PrefabParentObject: {fileID: 0}
  m_PrefabInternal: {fileID: 100100000}
  m_GameObject: {fileID: 100132}
  m_LocalRotation: {x: -.696185708, y: -.123799309, z: .699716747, w: -.101959147}
  m_LocalPosition: {x: .131486043, y: -.0146523472, z: .0902215466}
  m_LocalScale: {x: .99999994, y: .999999881, z: .999999881}
  m_Children:
  - {fileID: 400108}
  - {fileID: 400106}
  m_Father: {fileID: 400134}
  m_RootOrder: 1
--- !u!4 &400130
Transform:
  m_ObjectHideFlags: 1
  m_PrefabParentObject: {fileID: 0}
  m_PrefabInternal: {fileID: 100100000}
  m_GameObject: {fileID: 100150}
  m_LocalRotation: {x: .164833948, y: .0290965829, z: -.0516587794, w: .984537721}
  m_LocalPosition: {x: -.0828092918, y: 0, z: 0}
  m_LocalScale: {x: .99999994, y: .999999881, z: .99999994}
  m_Children:
  - {fileID: 400124}
  - {fileID: 400122}
  - {fileID: 400120}
  m_Father: {fileID: 400134}
  m_RootOrder: 0
--- !u!4 &400132
Transform:
  m_ObjectHideFlags: 1
  m_PrefabParentObject: {fileID: 0}
  m_PrefabInternal: {fileID: 100100000}
  m_GameObject: {fileID: 100084}
  m_LocalRotation: {x: .999922216, y: .0124739781, z: -5.4053955e-05, w: -3.25131514e-05}
  m_LocalPosition: {x: -.0338981636, y: -.213430688, z: 7.67707832e-07}
  m_LocalScale: {x: 1, y: .99999994, z: .99999994}
  m_Children:
  - {fileID: 400064}
  m_Father: {fileID: 400136}
  m_RootOrder: 1
--- !u!4 &400134
Transform:
  m_ObjectHideFlags: 1
  m_PrefabParentObject: {fileID: 0}
  m_PrefabInternal: {fileID: 100100000}
  m_GameObject: {fileID: 100152}
  m_LocalRotation: {x: 5.17953289e-08, y: 8.44444742e-07, z: -.159261569, w: .98723644}
  m_LocalPosition: {x: -.370560288, y: .0272953417, z: 5.25712967e-05}
  m_LocalScale: {x: 1, y: 1, z: .999999881}
  m_Children:
  - {fileID: 400130}
  - {fileID: 400128}
  - {fileID: 400126}
  m_Father: {fileID: 400136}
  m_RootOrder: 0
--- !u!4 &400136
Transform:
  m_ObjectHideFlags: 1
  m_PrefabParentObject: {fileID: 0}
  m_PrefabInternal: {fileID: 100100000}
  m_GameObject: {fileID: 100154}
  m_LocalRotation: {x: .0693746954, y: -.0373499319, z: .13452366, w: .987773001}
  m_LocalPosition: {x: -.172846824, y: -.000253090839, z: -3.36790072e-05}
  m_LocalScale: {x: 1, y: 1, z: 1}
  m_Children:
  - {fileID: 400134}
  - {fileID: 400132}
  m_Father: {fileID: 400170}
  m_RootOrder: 0
--- !u!4 &400138
Transform:
  m_ObjectHideFlags: 1
  m_PrefabParentObject: {fileID: 0}
  m_PrefabInternal: {fileID: 100100000}
  m_GameObject: {fileID: 100158}
  m_LocalRotation: {x: -1.92629726e-26, y: -3.38877797e-13, z: -5.68434189e-14, w: 1}
  m_LocalPosition: {x: -.0165618323, y: 0, z: 0}
  m_LocalScale: {x: 1, y: 1, z: 1}
  m_Children: []
  m_Father: {fileID: 400140}
  m_RootOrder: 0
--- !u!4 &400140
Transform:
  m_ObjectHideFlags: 1
  m_PrefabParentObject: {fileID: 0}
  m_PrefabInternal: {fileID: 100100000}
  m_GameObject: {fileID: 100160}
  m_LocalRotation: {x: 3.04892126e-07, y: 5.33554037e-08, z: -.707106709, w: .707106948}
  m_LocalPosition: {x: -.150770307, y: .163410217, z: -1.90734859e-08}
  m_LocalScale: {x: 1, y: 1, z: 1}
  m_Children:
  - {fileID: 400138}
  m_Father: {fileID: 400142}
  m_RootOrder: 0
--- !u!4 &400142
Transform:
  m_ObjectHideFlags: 1
  m_PrefabParentObject: {fileID: 0}
  m_PrefabInternal: {fileID: 100100000}
  m_GameObject: {fileID: 100162}
  m_LocalRotation: {x: .0959372967, y: -.0746507943, z: -.0257360116, w: .992250443}
  m_LocalPosition: {x: -.552061379, y: 0, z: 0}
  m_LocalScale: {x: .999999881, y: .99999994, z: .999999762}
  m_Children:
  - {fileID: 400140}
  m_Father: {fileID: 400144}
  m_RootOrder: 0
--- !u!4 &400144
Transform:
  m_ObjectHideFlags: 1
  m_PrefabParentObject: {fileID: 0}
  m_PrefabInternal: {fileID: 100100000}
  m_GameObject: {fileID: 100164}
  m_LocalRotation: {x: -3.24809091e-09, y: -1.50124038e-08, z: .0318971239, w: .999491155}
  m_LocalPosition: {x: -.552061379, y: 1.19209282e-08, z: 0}
  m_LocalScale: {x: 1.00000012, y: .999999881, z: .99999994}
  m_Children:
  - {fileID: 400142}
  m_Father: {fileID: 400172}
  m_RootOrder: 0
--- !u!4 &400146
Transform:
  m_ObjectHideFlags: 1
  m_PrefabParentObject: {fileID: 0}
  m_PrefabInternal: {fileID: 100100000}
  m_GameObject: {fileID: 100168}
  m_LocalRotation: {x: 1.42610899e-13, y: -8.73239883e-30, z: 1, w: 6.12323426e-17}
  m_LocalPosition: {x: -.0165618509, y: 0, z: -1.90734859e-08}
  m_LocalScale: {x: -1, y: -1, z: -1}
  m_Children: []
  m_Father: {fileID: 400148}
  m_RootOrder: 0
--- !u!4 &400148
Transform:
  m_ObjectHideFlags: 1
  m_PrefabParentObject: {fileID: 0}
  m_PrefabInternal: {fileID: 100100000}
  m_GameObject: {fileID: 100170}
  m_LocalRotation: {x: -3.00836064e-07, y: -5.42100793e-07, z: -.707106948, w: .707106709}
  m_LocalPosition: {x: -.150770321, y: .163410202, z: 1.90734859e-08}
  m_LocalScale: {x: 1, y: 1, z: 1}
  m_Children:
  - {fileID: 400146}
  m_Father: {fileID: 400150}
  m_RootOrder: 0
--- !u!4 &400150
Transform:
  m_ObjectHideFlags: 1
  m_PrefabParentObject: {fileID: 0}
  m_PrefabInternal: {fileID: 100100000}
  m_GameObject: {fileID: 100172}
  m_LocalRotation: {x: -.241819099, y: .0775825381, z: -.0126057407, w: .967132688}
  m_LocalPosition: {x: -.552061439, y: 1.43051144e-08, z: 1.90734859e-08}
  m_LocalScale: {x: 1, y: .999999881, z: 1}
  m_Children:
  - {fileID: 400148}
  m_Father: {fileID: 400152}
  m_RootOrder: 0
--- !u!4 &400152
Transform:
  m_ObjectHideFlags: 1
  m_PrefabParentObject: {fileID: 0}
  m_PrefabInternal: {fileID: 100100000}
  m_GameObject: {fileID: 100174}
  m_LocalRotation: {x: 3.71425268e-09, y: 1.50270765e-08, z: .0318480507, w: .999492764}
  m_LocalPosition: {x: -.552061498, y: -1.19209282e-08, z: 1.90734859e-08}
  m_LocalScale: {x: 1.00000012, y: 1.00000012, z: .99999994}
  m_Children:
  - {fileID: 400150}
  m_Father: {fileID: 400174}
  m_RootOrder: 0
--- !u!4 &400154
Transform:
  m_ObjectHideFlags: 1
  m_PrefabParentObject: {fileID: 0}
  m_PrefabInternal: {fileID: 100100000}
  m_GameObject: {fileID: 100010}
  m_LocalRotation: {x: .111372694, y: .696761847, z: .708464682, w: -.0140298782}
  m_LocalPosition: {x: -.0597492196, y: -.147246614, z: -.0826095194}
  m_LocalScale: {x: 1.00000024, y: 1.00000012, z: 1.00000024}
  m_Children:
  - {fileID: 400006}
  m_Father: {fileID: 400178}
  m_RootOrder: 10
--- !u!4 &400156
Transform:
  m_ObjectHideFlags: 1
  m_PrefabParentObject: {fileID: 0}
  m_PrefabInternal: {fileID: 100100000}
  m_GameObject: {fileID: 100020}
  m_LocalRotation: {x: -.0140292952, y: .708466828, z: .69675988, w: .111371562}
  m_LocalPosition: {x: -.0597490668, y: -.147246182, z: .0826104656}
  m_LocalScale: {x: 1, y: .99999994, z: 1.00000012}
  m_Children:
  - {fileID: 400014}
  m_Father: {fileID: 400178}
  m_RootOrder: 9
--- !u!4 &400158
Transform:
  m_ObjectHideFlags: 1
  m_PrefabParentObject: {fileID: 0}
  m_PrefabInternal: {fileID: 100100000}
  m_GameObject: {fileID: 100030}
  m_LocalRotation: {x: -.0331201293, y: .999451399, z: -1.4754271e-06, w: -4.71903974e-07}
  m_LocalPosition: {x: -.0504929349, y: .147816136, z: -3.60012052e-07}
  m_LocalScale: {x: 1, y: 1.00000012, z: 1}
  m_Children:
  - {fileID: 400022}
  m_Father: {fileID: 400178}
  m_RootOrder: 8
--- !u!4 &400160
Transform:
  m_ObjectHideFlags: 1
  m_PrefabParentObject: {fileID: 0}
  m_PrefabInternal: {fileID: 100100000}
  m_GameObject: {fileID: 100040}
  m_LocalRotation: {x: .060863588, y: .700188041, z: .704374552, w: -.0994432569}
  m_LocalPosition: {x: -.0517926775, y: .14283821, z: -.0726405382}
  m_LocalScale: {x: 1, y: 1.00000012, z: 1.00000012}
  m_Children:
  - {fileID: 400030}
  m_Father: {fileID: 400178}
  m_RootOrder: 7
--- !u!4 &400162
Transform:
  m_ObjectHideFlags: 1
  m_PrefabParentObject: {fileID: 0}
  m_PrefabInternal: {fileID: 100100000}
  m_GameObject: {fileID: 100050}
  m_LocalRotation: {x: -.105066843, y: .718604505, z: .684417248, w: .0643547326}
  m_LocalPosition: {x: -.0517925248, y: .142838582, z: .0726353452}
  m_LocalScale: {x: 1, y: 1.00000012, z: 1}
  m_Children:
  - {fileID: 400038}
  m_Father: {fileID: 400178}
  m_RootOrder: 6
--- !u!4 &400164
Transform:
  m_ObjectHideFlags: 1
  m_PrefabParentObject: {fileID: 0}
  m_PrefabInternal: {fileID: 100100000}
  m_GameObject: {fileID: 100060}
  m_LocalRotation: {x: .0635225102, y: .997980416, z: -1.43770444e-06, w: -6.16447949e-07}
  m_LocalPosition: {x: -.0787120834, y: -.157667965, z: 5.0544736e-07}
  m_LocalScale: {x: 1, y: 1.00000012, z: 1}
  m_Children:
  - {fileID: 400046}
  m_Father: {fileID: 400178}
  m_RootOrder: 5
--- !u!4 &400166
Transform:
  m_ObjectHideFlags: 1
  m_PrefabParentObject: {fileID: 0}
  m_PrefabInternal: {fileID: 100100000}
  m_GameObject: {fileID: 100070}
  m_LocalRotation: {x: .139809832, y: .698828757, z: .697862923, w: -.0712673664}
  m_LocalPosition: {x: -.0665554032, y: -.00200842135, z: -.190540195}
  m_LocalScale: {x: .99999994, y: 1.00000012, z: 1}
  m_Children:
  - {fileID: 400054}
  m_Father: {fileID: 400178}
  m_RootOrder: 4
--- !u!4 &400168
Transform:
  m_ObjectHideFlags: 1
  m_PrefabParentObject: {fileID: 0}
  m_PrefabInternal: {fileID: 100100000}
  m_GameObject: {fileID: 100080}
  m_LocalRotation: {x: -.0621437505, y: .698736668, z: .700593531, w: .130667359}
  m_LocalPosition: {x: -.0665549487, y: -.00200738665, z: .190543488}
  m_LocalScale: {x: 1.00000012, y: 1, z: .99999994}
  m_Children:
  - {fileID: 400062}
  m_Father: {fileID: 400178}
  m_RootOrder: 3
--- !u!4 &400170
Transform:
  m_ObjectHideFlags: 1
  m_PrefabParentObject: {fileID: 0}
  m_PrefabInternal: {fileID: 100100000}
  m_GameObject: {fileID: 100156}
  m_LocalRotation: {x: .0386518911, y: -.000737338036, z: -.0198722072, w: .999054849}
  m_LocalPosition: {x: -.126965255, y: .0174548663, z: -1.04928013e-05}
  m_LocalScale: {x: 1, y: 1.00000012, z: 1.00000012}
  m_Children:
  - {fileID: 400136}
  m_Father: {fileID: 400178}
  m_RootOrder: 2
--- !u!4 &400172
Transform:
  m_ObjectHideFlags: 1
  m_PrefabParentObject: {fileID: 0}
  m_PrefabInternal: {fileID: 100100000}
  m_GameObject: {fileID: 100166}
  m_LocalRotation: {x: .00442687236, y: .996379972, z: -.0455187075, w: -.0716622695}
  m_LocalPosition: {x: -1.52587887e-07, y: -1.07288358e-07, z: -.11041224}
  m_LocalScale: {x: 1, y: 1, z: 1.00000024}
  m_Children:
  - {fileID: 400144}
  m_Father: {fileID: 400178}
  m_RootOrder: 1
--- !u!4 &400174
Transform:
  m_ObjectHideFlags: 1
  m_PrefabParentObject: {fileID: 0}
  m_PrefabInternal: {fileID: 100100000}
  m_GameObject: {fileID: 100176}
  m_LocalRotation: {x: .00359439338, y: .995746434, z: .0572714321, w: .0720838383}
  m_LocalPosition: {x: 1.52587887e-07, y: 1.97887417e-07, z: .110412307}
  m_LocalScale: {x: .99999994, y: 1.00000012, z: 1}
  m_Children:
  - {fileID: 400152}
  m_Father: {fileID: 400178}
  m_RootOrder: 0
--- !u!4 &400176
Transform:
  m_ObjectHideFlags: 1
  m_PrefabParentObject: {fileID: 0}
  m_PrefabInternal: {fileID: 100100000}
  m_GameObject: {fileID: 100000}
  m_LocalRotation: {x: -.0267639253, y: -.750516474, z: -.0319828019, w: .659534633}
  m_LocalPosition: {x: -.0543990172, y: -.33640334, z: -.18870613}
  m_LocalScale: {x: 1, y: 1.00000024, z: 1.00000012}
  m_Children: []
  m_Father: {fileID: 400186}
  m_RootOrder: 2
--- !u!4 &400178
Transform:
  m_ObjectHideFlags: 1
  m_PrefabParentObject: {fileID: 0}
  m_PrefabInternal: {fileID: 100100000}
  m_GameObject: {fileID: 100178}
  m_LocalRotation: {x: -.499999642, y: .500000358, z: .499999642, w: .500000358}
  m_LocalPosition: {x: -0, y: 0, z: 0}
  m_LocalScale: {x: 1, y: 1, z: 1}
  m_Children:
  - {fileID: 400174}
  - {fileID: 400172}
  - {fileID: 400170}
  - {fileID: 400168}
  - {fileID: 400166}
  - {fileID: 400164}
  - {fileID: 400162}
  - {fileID: 400160}
  - {fileID: 400158}
  - {fileID: 400156}
  - {fileID: 400154}
  m_Father: {fileID: 400186}
  m_RootOrder: 1
--- !u!4 &400180
Transform:
  m_ObjectHideFlags: 1
  m_PrefabParentObject: {fileID: 0}
  m_PrefabInternal: {fileID: 100100000}
  m_GameObject: {fileID: 100180}
  m_LocalRotation: {x: 7.9454715e-10, y: 1.68467862e-09, z: .904454827, w: -.426569432}
  m_LocalPosition: {x: -0, y: -4.76837148e-09, z: -1.24232054}
  m_LocalScale: {x: 1, y: 1, z: 1}
  m_Children: []
  m_Father: {fileID: 400186}
  m_RootOrder: 0
--- !u!4 &400182
Transform:
  m_ObjectHideFlags: 1
  m_PrefabParentObject: {fileID: 0}
  m_PrefabInternal: {fileID: 100100000}
  m_GameObject: {fileID: 100182}
  m_LocalRotation: {x: -.707106829, y: 0, z: -0, w: .707106829}
  m_LocalPosition: {x: .651547849, y: 0, z: .787345588}
  m_LocalScale: {x: 1, y: 1, z: 1}
  m_Children: []
  m_Father: {fileID: 400188}
  m_RootOrder: 2
--- !u!4 &400184
Transform:
  m_ObjectHideFlags: 1
  m_PrefabParentObject: {fileID: 0}
  m_PrefabInternal: {fileID: 100100000}
  m_GameObject: {fileID: 100184}
  m_LocalRotation: {x: -.707106829, y: 0, z: -0, w: .707106829}
  m_LocalPosition: {x: 0, y: 0, z: 0}
  m_LocalScale: {x: 1, y: 1, z: 1}
  m_Children: []
  m_Father: {fileID: 400188}
  m_RootOrder: 1
--- !u!4 &400186
Transform:
  m_ObjectHideFlags: 1
  m_PrefabParentObject: {fileID: 0}
  m_PrefabInternal: {fileID: 100100000}
  m_GameObject: {fileID: 100186}
  m_LocalRotation: {x: -.301630199, y: .639546156, z: .639546156, w: .301630199}
  m_LocalPosition: {x: -2.38418574e-09, y: 1.24239159, z: -.047728803}
  m_LocalScale: {x: 1, y: 1, z: 1}
  m_Children:
  - {fileID: 400180}
  - {fileID: 400178}
  - {fileID: 400176}
  m_Father: {fileID: 400188}
  m_RootOrder: 0
--- !u!4 &400188
Transform:
  m_ObjectHideFlags: 1
  m_PrefabParentObject: {fileID: 0}
  m_PrefabInternal: {fileID: 100100000}
  m_GameObject: {fileID: 100188}
  m_LocalRotation: {x: 0, y: 0, z: 0, w: 1}
  m_LocalPosition: {x: 0, y: 0, z: 0}
  m_LocalScale: {x: 1, y: 1, z: 1}
  m_Children:
  - {fileID: 400186}
  - {fileID: 400184}
  - {fileID: 400182}
  m_Father: {fileID: 0}
  m_RootOrder: 0
--- !u!95 &9500000
Animator:
  serializedVersion: 3
  m_ObjectHideFlags: 1
  m_PrefabParentObject: {fileID: 0}
  m_PrefabInternal: {fileID: 100100000}
  m_GameObject: {fileID: 100188}
  m_Enabled: 1
  m_Avatar: {fileID: 9000000, guid: 179c91305a50e1341b7213284d899ca2, type: 3}
  m_Controller: {fileID: 9100000, guid: 58a07d27e29e3954ebafa90e50907bd1, type: 2}
  m_CullingMode: 1
  m_UpdateMode: 0
  m_ApplyRootMotion: 1
  m_HasTransformHierarchy: 1
  m_AllowConstantClipSamplingOptimization: 1
--- !u!137 &13700000
SkinnedMeshRenderer:
  m_ObjectHideFlags: 1
  m_PrefabParentObject: {fileID: 0}
  m_PrefabInternal: {fileID: 100100000}
  m_GameObject: {fileID: 100184}
  m_Enabled: 1
  m_CastShadows: 1
  m_ReceiveShadows: 1
  m_LightmapIndex: 255
  m_LightmapTilingOffset: {x: 1, y: 1, z: 0, w: 0}
  m_Materials:
  - {fileID: 2100000, guid: ecc535d6557572f498519347cad4bfe8, type: 2}
  m_SubsetIndices: 
  m_StaticBatchRoot: {fileID: 0}
  m_UseLightProbes: 0
  m_LightProbeAnchor: {fileID: 0}
  m_ScaleInLightmap: 1
  m_SortingLayerID: 0
  m_SortingOrder: 0
  serializedVersion: 2
  m_Quality: 0
  m_UpdateWhenOffscreen: 0
  m_Mesh: {fileID: 4300000, guid: 179c91305a50e1341b7213284d899ca2, type: 3}
  m_Bones:
  - {fileID: 400152}
  - {fileID: 400174}
  - {fileID: 400178}
  - {fileID: 400150}
  - {fileID: 400086}
  - {fileID: 400136}
  - {fileID: 400170}
  - {fileID: 400126}
  - {fileID: 400130}
  - {fileID: 400108}
  - {fileID: 400128}
  - {fileID: 400158}
  - {fileID: 400162}
  - {fileID: 400168}
  - {fileID: 400036}
  - {fileID: 400060}
  - {fileID: 400020}
  - {fileID: 400062}
  - {fileID: 400022}
  - {fileID: 400038}
  - {fileID: 400156}
  - {fileID: 400014}
  - {fileID: 400012}
  - {fileID: 400164}
  - {fileID: 400046}
  - {fileID: 400052}
  - {fileID: 400054}
  - {fileID: 400006}
  - {fileID: 400004}
  - {fileID: 400154}
  - {fileID: 400166}
  - {fileID: 400122}
  - {fileID: 400118}
  - {fileID: 400030}
  - {fileID: 400160}
  - {fileID: 400116}
  - {fileID: 400144}
  - {fileID: 400172}
  - {fileID: 400142}
  - {fileID: 400104}
  - {fileID: 400102}
  - {fileID: 400098}
  - {fileID: 400092}
  - {fileID: 400096}
  - {fileID: 400100}
  - {fileID: 400082}
  - {fileID: 400080}
  - {fileID: 400076}
  - {fileID: 400070}
  - {fileID: 400074}
  - {fileID: 400078}
  - {fileID: 400084}
  - {fileID: 400106}
  m_BlendShapeWeights: []
  m_RootBone: {fileID: 400178}
  m_AABB:
    m_Center: {x: .109196663, y: -.0281420499, z: -.0403227508}
    m_Extent: {x: 1.13521767, y: .337057173, z: .531977534}
  m_DirtyAABB: 0
--- !u!1001 &100100000
Prefab:
  m_ObjectHideFlags: 1
  serializedVersion: 2
  m_Modification:
    m_TransformParent: {fileID: 0}
    m_Modifications: []
    m_RemovedComponents: []
  m_ParentPrefab: {fileID: 0}
  m_RootGameObject: {fileID: 100188}
  m_IsPrefabParent: 1
  m_IsExploded: 1
